3192 5334
179 473 249 531 Can.
263 468 330 546 nu]
441 476 632 542 GENTIUM,
654 475 723 533 UBI
744 477 797 533 DE
821 479 1062 537 mmcuuoxu.
1255 469 1297 535 65

177 642 356 729 petebatur.
409 643 477 709 Imo
499 652 533 710 et
555 642 630 709 belli
655 642 688 708 in
713 643 877 731 Pyrrhum
904 644 1033 711 indictio
1056 644 1140 712 sacta
1165 652 1213 711 cst
1240 644 1296 711 uni

178 741 311 808 militum
335 742 466 831 Pyrrhi,
487 742 582 830 idque
608 743 640 809 in
665 742 746 808 circo
774 742 937 822 Flaminio,
956 746 1009 812 ubi
1033 745 1060 811 is
1082 743 1171 810 miles
1191 743 1295 811 locum

177 863 283 908 emere
310 842 388 909 dicis
414 865 508 910 causa
529 843 713 931 jubebatur,
740 851 777 909 ut
806 841 936 910 Servius
966 854 1076 912 narrat
1103 844 1146 911 ad
1176 864 1294 910 nonum

177 941 342 1013 AEneidoa.

255 1045 276 1108 3
312 1043 523 1131 Supervacua
555 1040 783 1109 observationis
817 1049 851 1108 et
883 1042 942 1109 hoc
976 1054 1197 1132 argumentum
1231 1052 1290 1122 est,

177 1143 262 1228 quod
279 1143 394 1210 bellum
411 1165 496 1231 soepe
517 1143 665 1228 utrinque
685 1142 835 1208 indictum
857 1152 915 1219 est,
938 1151 974 1207 ut
992 1142 1291 1231 Peloponnesiacum
1304 1155 1460 1209 merm-

176 1264 197 1307 a
215 1243 464 1331 Corcyrensibus
486 1252 519 1310 et
542 1242 724 1321 Corinthiis,
744 1265 814 1309 cum
840 1243 881 1309 ab
900 1241 1003 1308 altera
1023 1254 1115 1332 porte
1139 1243 1290 1311 indictum

177 1364 245 1410 esse
261 1343 401 1411 sufficiat.
1272 1429 1274 1434 ³

252 1443 346 1511 VIII.
396 1446 427 1511 A
444 1465 531 1510 moro
545 1451 653 1511 autom
670 1451 703 1512 et
719 1441 870 1510 institutis
887 1444 1085 1531 quorundam
1101 1443 1290 1533 populorum

176 1565 240 1609 non
257 1544 363 1630 ajuro
380 1543 522 1634 gentium
544 1553 628 1620 sunt,
646 1544 821 1610 ucaduccus
836 1545 922 1631 apud
941 1544 1079 1621 Graecos,
1096 1543 1240 1632 sagmina
1256 1554 1291 1613 et

176 1643 269 1711 hasta
285 1645 458 1733 sanguinea
478 1643 564 1732 apud
589 1642 773 1730 AEquicolas
793 1644 938 1730 primum,
957 1653 990 1710 et
1009 1644 1122 1709 horum
1144 1644 1290 1733 exemplo

176 1745 262 1830 apud
284 1745 452 1821 Romanos,
479 1742 673 1810 renunciatio
699 1742 843 1810 amicitia
868 1753 902 1810 et
925 1743 1085 1810 societatis
1109 1742 1135 1810 si
1160 1735 1225 1832 qua
1240 1744 1289 1811 in·

175 1844 377 1922 tercessisset,
403 1851 476 1931 post
500 1865 553 1910 res
577 1842 729 1930 repetitas
752 1841 885 1931 triginta
907 1843 975 1910 dies
997 1842 1150 1921 solennes,
1168 1844 1289 1912 xhasta

174 1943 278 2011 missio
303 1943 428 2022 iterum,
455 1952 488 2011 et
510 1942 574 2010 alia
595 1943 629 2009 id
654 1964 764 2033 genus,
790 1964 862 2030 quae
888 1966 957 2010 cum
983 1943 1033 2009 his
1064 1965 1136 2030 quae
1161 1942 1289 2033 proprio

169 2044 252 2130 juris
277 2043 419 2135 gentium
453 2053 528 2111 sunt
559 2043 708 2110 confundi
733 2065 796 2110 non
823 2052 956 2130 oportet.
1008 2044 1092 2108 Nam
1116 2045 1289 2110 ethorum

173 2167 322 2234 magnam
353 2153 478 2234 partem
509 2167 566 2211 suo
600 2153 744 2231 tempore
773 2144 922 2232 usurpari
954 2142 1082 2210 desiisse
1113 2144 1206 2210 docet
1230 2166 1288 2210 nos

174 2246 352 2312 Arnobius:
389 2245 451 2311 imo
481 2245 548 2331 jam
581 2242 736 2311 Varronis
767 2265 836 2308 aevo
869 2243 1015 2328 quadam
1050 2242 1285 2311 omittebantur.
1299 2251 1410 2338 ἔφη

174 2346 326 2412 Punicum
349 2346 465 2413 bellum
493 2343 620 2412 tertium
653 2342 745 2409 simul
775 2342 938 2420 indictum,
965 2342 1057 2408 simul
1081 2342 1203 2410 illatum
1228 2352 1284 2411 est
1298 2343 1451 2437 militi}-

174 2446 217 2512 Et
234 2447 391 2513 Maecenas
413 2443 515 2534 ⁷apud
539 2444 673 2512 Dionem
694 2443 839 2532 quasdam
856 2442 970 2510 horum
987 2443 1055 2510 vult
1071 2443 1200 2533 propria
1216 2465 1285 2511 esse
1297 2437 1417 2568 &3²⁸²

171 2555 274 2612 status
290 2545 459 2636 popularis.
1320 2529 1374 2568 ’Μ

249 2647 307 2712 ΙΧ.
360 2645 515 2714 Indicium
537 2653 642 2712 autem
663 2643 779 2712 bellum
803 2642 833 2709 ei
854 2643 909 2732 qui
928 2643 1095 2733 imperium
1108 2643 1147 2739 ⁴iu
1169 2606 1356 2734 populum

170 2806 283 2867 Sumus,
313 2819 373 2853 voce
398 2805 553 2867 Κηρῦκειονε
590 2803 701 2867 Inprimls
755 2800 833 2850 Valet.
847 2800 937 2863 oron.)

170 2878 362 2940 unvamma,
377 2876 433 2925 Lib.
447 2890 466 2924 1.
484 2890 538 2938 esp.
552 2879 591 2926 63.
613 2882 639 2924 et
654 2877 699 2925 ult
795 2874 911 2925 'Nescio
928 2877 977 2924 uhi.
1009 2877 1078 2925 Nihil
1093 2881 1159 2927 certo
1175 2877 1201 2924 in
1220 2877 1285 2926 Ora·

168 2950 254 3013 Mt]
751 2953 819 3001 tione
838 2953 882 2999 illa
900 2953 960 3000 satta
979 2954 1063 3016 longa,
1083 2967 1138 3015 qun
1157 2952 1214 3002 Lib.
1225 2966 1284 3002 ιῐιῐ.

214 3034 228 3061 ¹
242 3026 330 3074 Hoetoe
345 3025 439 3088 miecio]
460 3026 525 3075 Vide
542 3027 649 3074 Servium
668 3025 700 3072 sd
751 3028 853 3091 legitur.
883 3027 1011 3087 Originem
1027 3029 1115 3075 erroris
1124 3042 1205 3085 exeo,
1218 3029 1284 3089 quod

168 3114 209 3150 rx.
224 3102 351 3162 Emidot,
371 3103 441 3162 (vers.
459 3103 509 3160 63.)
543 3102 700 3150 Ammiannm
751 3105 943 3172 Aunios-noster
956 3105 1130 3166 legerstapnd
1142 3104 1284 3151 hibericum

167 3190 229 3224 xlx.
243 3183 270 3224 et
282 3191 337 3238 qua
349 3178 381 3224 ad
391 3190 446 3224 enm
461 3180 546 3224 notato
559 3191 575 3223 a
589 3177 701 3224 doctissi-
753 3180 886 3238 Gentilem,
900 3180 1050 3226 ostendimus
1064 3181 1089 3226 ln
1105 3179 1172 3227 Nota
1188 3179 1285 3227 unuin

168 3251 406 3314 mohindsnbrogto,
413 3252 475 3312 (cap.
482 3252 509 3300 ii.
518 3251 637 3313 pagata.
648 3251 700 3300 Ed.
751 3255 958 3310 adhunclocum.
988 3255 1058 3303 J.13.

167 3469 301 3526 declared
315 3487 352 3527 on
367 3488 423 3528 ona
437 3472 498 3527 side
513 3472 589 3544 only.

222 3557 303 3613 VIII.
342 3557 436 3614 There
451 3576 500 3615 are
514 3575 593 3615 some
607 3557 702 3631 things
717 3557 809 3614 which
826 3557 931 3630 belong
951 3564 982 3614 to
997 3558 1047 3614 the
1061 3557 1237 3613 Institutione
1250 3556 1285 3613 oi

166 3645 277 3699 certain
287 3645 409 3710 natione,
418 3652 469 3701 not
478 3652 509 3700 to
520 3645 570 3701 the
580 3646 648 3700 Lan
659 3647 692 3701 of
699 3646 822 3702 Nations
833 3646 863 3700 iu
874 3645 1005 3717 gundroh
1020 3662 1051 3700 as
1063 3644 1113 3700 the
1124 3644 1282 3710 Oaduoeus,

166 3746 202 3784 or
218 3730 348 3786 Herald’s
363 3731 415 3786 rod
431 3749 536 3804 among
550 3732 600 3787 tho
619 3733 745 3799 Grechs3
763 3733 814 3789 the
831 3732 957 3804 capitino
970 3730 1081 3798 (sacred
1099 3727 1208 3798 herba)
1222 3729 1281 3787 sod

165 3817 272 3889 bloody
285 3834 377 3890 spear,
389 3834 493 3890 among
505 3818 554 3873 tho
566 3819 710 3890 Equicolm
724 3826 754 3875 at
766 3820 837 3881 first,
849 3819 906 3873 and
918 3817 967 3873 tho
979 3819 1116 3891 adoption
1128 3817 1163 3872 of
1173 3816 1230 3874 this
1241 3817 1282 3892 by

165 3902 218 3958 tho
228 3905 354 3959 Romans
363 3923 372 3969 ;
389 3904 439 3959 the
454 3906 650 3960 renunciation
670 3905 704 3959 oi
719 3904 877 3976 friendship
892 3905 949 3959 and
964 3905 1094 3972 nillancc,
1109 3905 1136 3960 if
1148 3922 1205 3979 any
1221 3903 1281 3961 had

164 3991 288 4054 existed3
305 3990 355 4045 the
367 3990 456 4063 thirty
466 3990 621 4063 appointed
634 3991 702 4062 days
713 3991 789 4047 at'tcr
798 3991 849 4045 thc
860 3991 982 4047 demand
994 3993 1029 4047 of
1039 3992 1215 4057 restitution3
1229 3990 1282 4049 tho

162 4077 285 4149 ‘sending
306 4077 340 4133 of
355 4077 406 4133 the
427 4095 510 4150 spear
527 4095 546 4133 a
567 4077 671 4133 second
689 4078 777 4144 timo;
800 4078 856 4132 and
875 4078 959 4135 other
975 4080 1160 4135 observances
1180 4078 1215 4133 of
1228 4076 1280 4134 tho

163 4179 243 4218 same
256 4164 336 4229 kind,
349 4164 440 4219 which
455 4182 505 4219 arc
520 4172 571 4219 not
586 4172 616 4220 to
631 4163 668 4220 bo
683 4165 864 4220 consoundod
877 4165 945 4221 with
957 4166 1053 4238 things
1068 4163 1160 4220 which
1173 4163 1279 4236 belong

162 4256 195 4305 to
211 4249 261 4306 tho
271 4251 339 4306 Lam
353 4254 387 4308 ot'
398 4252 520 4307 Nations
535 4251 565 4305 in
582 4251 706 4322 general.
744 4252 802 4306 For
817 4252 958 4307 Arnobius
974 4252 1092 4307 informs
1106 4267 1140 4306 us
1152 4250 1216 4306 that
1227 4249 1279 4307 tha

161 4344 278 4408 greater
291 4345 357 4411 part
376 4339 409 4394 oi
428 4338 509 4393 those
527 4337 621 4408 things
639 4337 696 4393 had
716 4338 818 4394 ceascd
835 4345 866 4393 to
880 4338 917 4393 be
930 4338 1072 4411 practisod
1087 4339 1116 4392 in
1130 4337 1175 4392 uu
1189 4336 1277 4405 times

162 4422 220 4478 and
232 4440 302 4480 oren
311 4426 341 4479 in
353 4425 403 4480 thc
414 4442 466 4497 ago
476 4426 510 4480 of
519 4424 610 4479 Varro
623 4441 702 4481 somc
713 4441 787 4480 were
796 4424 926 4479 omitted.
957 4425 1018 4480 Tho
1030 4424 1107 4480 third
1117 4424 1208 4479 Punic
1219 4440 1278 4479 war

161 4525 219 4564 was
236 4510 372 4566 ‘declared
393 4513 449 4566 and
469 4511 651 4567 commenccd
672 4518 703 4567 at
722 4511 771 4567 tho
795 4528 873 4566 samo
891 4513 969 4567 tIme.
1007 4511 1071 4566 And
1091 4513 1232 4567 ltlaeccnas
1245 4511 1278 4569 ln
1388 4578 1389 4581 Ἴ

160 4596 220 4652 Dio
231 4596 314 4653 holds
326 4597 390 4653 that
401 4614 480 4654 somo
492 4598 526 4654 ot
537 4598 618 4654 those
630 4598 734 4671 belong
749 4598 901 4671 especially
914 4606 944 4654 to
959 4597 1110 4672 apopular
1123 4605 1206 4656 stata.

215 4682 269 4740 ῙΧ.
308 4685 333 4740 A
348 4702 406 4739 war
426 4685 557 4741 declared
578 4686 689 4758 against
700 4685 761 4741 him
775 4686 839 4741 who
853 4685 904 4741 has
920 4685 970 4741 the
984 4701 1117 4766 supremo
1131 4675 1331 4802 authority&

263 4813 382 4904 [οοοο.
398 4817 461 4908 ιο]
