3192 5334
323 596 367 662 62
475 609 529 665 DE
550 605 678 665 untho
699 607 822 664 Jusro
845 606 934 663 SIVE
957 607 1130 664 sounrtm
1149 606 1251 665 JURE
1293 608 1445 682 [amun

323 774 527 866 pugnandam
548 774 638 863 priua
660 773 702 840 ad
726 794 834 862 pacem
853 773 1043 840 invitarent:
1067 772 1152 860 quod
1171 793 1243 838 cum
1259 774 1444 862 specialiter

267 864 268 867 ¹
323 875 370 942 illi
386 875 502 964 populo
519 875 628 940 datum
652 874 703 952 sit,
721 873 842 940 malea
856 872 1012 939 nonnullis
1029 893 1100 937 cum
1116 871 1191 959 juro
1207 875 1348 962 gentium
1365 896 1444 941 con·

322 973 474 1041 funditur.
526 975 640 1060 Neque
663 973 745 1040 enim
768 982 840 1040 crat
863 973 919 1039 illa
940 971 1174 1060 qualiacumque
1199 993 1273 1059 pax,
1299 975 1356 1040 red
1379 975 1442 1043 auh

322 1072 396 1164 loge
414 1072 613 1161 subjectionis
638 1082 672 1140 ot
693 1071 814 1139 tributi
863 1073 969 1160 Cyrus
990 1093 1061 1137 cum
1085 1070 1120 1136 in
1138 1071 1300 1160 regionem
1324 1075 1443 1140 Arme-

323 1173 447 1240 niorum
463 1172 667 1261 pervenisset,
684 1181 854 1258 antequam
871 1180 1000 1238 noceret
1014 1170 1157 1260 cuipiam,
1171 1170 1256 1238 misit
1269 1171 1312 1237 ad
1326 1193 1442 1261 regem

322 1271 379 1359 qui
394 1271 536 1339 debitum
559 1293 600 1337 ex
622 1270 732 1336 ledere
753 1270 908 1337 tributum
931 1282 965 1338 et
985 1271 1116 1338 militem
1138 1271 1323 1360 exigerent:
1349 1273 1442 1349 νομί·

219 1444 221 1450 ,
324 1366 395 1466 ζων,
412 1365 635 1464 φιλικώτερον
667 1372 748 1439 εἶναι
784 1364 900 1446 οὕτως,
926 1365 947 1450 ἢ
970 1370 1015 1452 μή
1042 1366 1249 1464 προειπόντα
1276 1368 1439 1464 πορεύεο·

323 1471 390 1549 θαι,
415 1472 592 1537 humaniue
617 1473 656 1536 iet
682 1471 877 1536 existimant
898 1493 1001 1556 quam
1021 1472 1054 1537 oi
1077 1473 1169 1536 ultro
1193 1473 1325 1538 duceret
1348 1473 1442 1540 nituit

156 1580 307 1678 &mm
316 1573 515 1658 praedicent,
542 1568 635 1635 utin
667 1590 705 1634 ea
729 1568 863 1635 historia
890 1569 1067 1656 Xenophon
1088 1569 1237 1655 loquitur.
1286 1572 1439 1638 Ceterum

317 1669 393 1756 jure
408 1667 550 1758 gentium
573 1667 616 1734 ad
638 1668 767 1734 effectus
791 1667 863 1733 illoa
884 1667 1058 1755 peculiares
1079 1669 1223 1735 omnibus
1246 1670 1369 1735 casibus
1385 1693 1439 1736 re-

321 1767 457 1858 quiritur
472 1767 676 1845 denuntiatio,
693 1790 757 1834 non
773 1765 930 1854 utrinque,
947 1766 1005 1833 sed
1020 1766 1062 1833 ab
1078 1764 1180 1834 altera
1197 1767 1363 1853 partium⁵.
1468 1814 1471 1819 -

397 1868 474 1938 VII.
517 1869 537 1934 1
573 1867 637 1934 Sed
661 1868 730 1932 hrec
752 1866 948 1934 denuntiatio
972 1875 1030 1933 aut
1052 1866 1265 1934 conditionata
1287 1876 1345 1945 eat,
1375 1878 1436 1938 ant
1501 1907 1505 1915 ·

320 1989 411 2056 pura.
455 1966 685 2043 conditionata,
702 1967 756 2032 ubi
781 1983 852 2032 cum
878 1989 986 2032 rerum
1010 1965 1199 2054 repetitione
1223 1967 1436 2057 conjungitur.

219 2083 221 2085 ’
320 2069 461 2134 ‘’Rerum
474 2076 580 2133 autem
596 2066 804 2153 repetitarum
820 2066 945 2131 nomine
958 2066 1012 2152 jun
1028 2065 1137 2144 feciale
1148 2068 1437 2155 comprehendebat

319 2186 384 2232 non
399 2173 523 2232 tantum
545 2165 786 2232 vindicationem
809 2186 850 2230 ex
865 2164 939 2249 jure
960 2165 1097 2242 dominii,
1122 2166 1179 2232 aed
1195 2176 1229 2233 et
1244 2168 1436 2253 persecutio-
1492 2200 1495 2206 ·

258 2301 261 2311 ·
302 2286 393 2333 -ιιοιιι
408 2265 485 2352 ejus,
503 2265 588 2352 quod
611 2287 652 2332 ex
674 2286 768 2331 causa
788 2263 872 2330 civili
894 2273 951 2329 aut
969 2264 1107 2331 criminis
1128 2266 1271 2344 debetur,
1292 2275 1329 2333 ut
1344 2276 1436 2334 recte

318 2363 456 2453 explicat
472 2363 631 2432 ¹³Servius.
684 2365 764 2430 Inde
788 2363 867 2429 illud
892 2362 927 2429 in
951 2363 1102 2440 formulis,
1129 2367 1236 2442 reddi,
1262 2368 1432 2450 cotiofierr‘,

319 2465 399 2531 dedi
407 2489 420 2540 ,·
445 2459 503 2543 ubi*
516 2466 603 2541 dedi,
621 2470 657 2530 ut
673 2462 748 2529 alibi
765 2462 909 2538 diximus,
927 2461 1167 2552 intelligendum
1183 2472 1241 2541 cst,
1260 2465 1293 2530 ni
1318 2466 1435 2553 punire

317 2571 441 2630 sontem
456 2563 568 2631 malint
592 2561 652 2651 ipsi
675 2561 730 2651 qui
749 2561 988 2630 conveniuntur.
1039 2563 1132 2628 Hanc
1148 2585 1255 2629 rerum
1271 2565 1434 2653 repetitio-

362 2713 493 2773 muron,
509 2727 558 2762 non
570 2714 746 2773 indictobello,
761 2715 850 2776 aliquia
898 2713 1014 2762 Pontum
1026 2715 1137 2763 chello
1149 2715 1240 2777 Cyprio
1253 2717 1307 2765 Lib
1315 2734 1333 2766 ι
1358 2718 1433 2766 Biza-

316 2788 711 2849 nrnnamorltndverannalternm,
720 2789 849 2847 etricinti,
897 2801 952 2834 rum
969 2787 1023 2835 Lib.
1034 2801 1116 2836 xxm.
1133 2790 1164 2837 de
1179 2791 1272 2840 ancia
1296 2793 1431 2856 Bcinking,

315 2864 560 2927 quirendefendcre
574 2865 677 2927 cogitur,
690 2880 739 2912 nou
749 2866 850 2926 reliquit
897 2861 952 2910 Lib.
961 2875 991 2909 ιι.
1003 2862 1118 2911 claaaoiii.
1128 2878 1182 2924 cap
1190 2867 1215 2913 4

314 2939 397 2988 locum
412 2955 441 2988 ao
456 2945 555 3001 tempu·
575 2941 633 2988 belli
653 2941 794 2990 indicendir
816 2955 847 2988 nn
941 2935 1081 2999 PSmr‘ur]
1105 2939 1148 2986 Ad
1164 2952 1192 2990 x.
1208 2940 1333 2989 AEneu'dor.
1351 2942 1430 3004 (vero.

313 3011 466 3059 fflcbessum
479 3011 534 3057 ldeo
545 3010 769 3069 minoreaeffectuo,
783 3011 848 3058 Jure
896 3013 949 3073 14.)

313 3086 558 3148 μοιίιιιι,1)ι1)ο1ιίι1
587 3086 684 3134 Deinde
694 3088 794 3134 effectur
803 3087 847 3145 illi,
940 3086 1077 3150 ortanam]
1091 3087 1166 3136 Libro
1176 3102 1248 3136 xxrr.
1257 3092 1280 3137 2.
1308 3091 1431 3155 Etlepatt

313 3162 406 3210 ncillam
413 3163 554 3223 impunitas,
563 3167 589 3210 et
596 3163 638 3224 jun
647 3162 713 3210 bello
723 3169 795 3223 capta
802 3177 847 3225 pro
896 3177 948 3210 cun
964 3164 1000 3211 od
1014 3165 1092 3211 horter
1111 3166 1256 3226 olorinorum
1275 3167 1430 3229 mitterentur,

313 3236 364 3285 ιιιίι
372 3237 501 3293 retinendi,
513 3250 558 3283 nec
568 3250 598 3284 ex
608 3237 747 3293 indictione,
760 3250 806 3282 uec
816 3251 847 3284 ex
895 3237 925 3284 td
931 3244 972 3296 ert,
987 3253 1027 3286 ros
1042 3244 1128 3301 raptor
1142 3241 1208 3287 olore
1221 3244 1352 3302 repetitum,
1366 3260 1430 3292 κω

313 3311 376 3359 June
390 3311 495 3371 quodam
512 3309 628 3356 Gentium
644 3309 781 3356 voluntario
797 3310 846 3356 ori·
894 3313 975 3372 utique
997 3313 1154 3360 verbenarius
1169 3315 1309 3363 occultatur.
1340 3316 1377 3365 Et
1398 3321 1430 3367 de

313 3386 389 3430 untur
397 3397 405 3441 ;
420 3387 449 3427 ut
458 3394 502 3426 auo
512 3381 566 3426 loco
575 3380 725 3427 cotendimna
735 3381 759 3426 in
773 3379 846 3428 Notio
895 3386 1009 3435 verbena
1020 3402 1096 3448 egena
1109 3389 1172 3436 libro
1183 3404 1248 3437 xxv.
1261 3392 1284 3440 9.
1316 3392 1379 3440 Hoee
1393 3400 1429 3442 αι

313 3457 403 3506 nocuit
413 3456 520 3504 Gallicir.
550 3456 581 3504 J.
591 3457 625 3502 B.
894 3475 966 3522 quam
980 3462 1150 3524 teqntorserre
1165 3465 1201 3512 ad
1214 3466 1292 3513 rosta
1307 3467 1429 3516 Mirari·

319 3581 321 3584 Α
357 3538 371 3565 ⁶
383 3530 475 3580 Rerum
488 3531 643 3592 repetiturum
657 3526 761 3591 mine]
782 3530 847 3578 Vide
894 3549 956 3585 nur.
980 3536 1044 3585 Vide
1054 3537 1163 3585 Senium
1173 3539 1205 3586 nd
1215 3553 1246 3586 rx
1255 3545 1316 3588 ιιι.
1325 3541 1428 3593 AEm‘d.

312 3747 439 3820 wrongly
451 3747 491 3820 by
505 3763 583 3804 nomo
597 3747 781 3803 confounded
793 3748 861 3804 with
875 3751 925 3808 the
940 3752 1007 3807 Law
1021 3752 1055 3809 of
1065 3753 1196 3808 Nationr.
1228 3752 1327 3824 Cyrus,
1340 3752 1426 3810 when

312 3831 350 3890 he
361 3832 420 3889 had
434 3849 515 3889 come
536 3833 598 3889 into
617 3833 667 3889 the
687 3840 808 3906 country
826 3837 860 3890 of
877 3837 926 3892 the
948 3838 1125 3904 Armeniaue,
1140 3838 1237 3894 before
1251 3839 1289 3893 he
1303 3838 1353 3892 did
1366 3856 1427 3911 any

311 3917 395 3974 harm
412 3926 443 3976 ιο
461 3936 519 3990 any
535 3935 598 3982 one,
618 3925 682 3975 rent
700 3937 817 3992 persona
831 3928 863 3976 to
883 3922 933 3978 the
944 3924 1013 3995 king
1028 3931 1059 3979 to
1079 3925 1130 3980 ask
1144 3924 1191 3978 sor
1204 3923 1254 3978 the
1268 3925 1426 3996 appointed

312 4005 420 4060 tribute
439 4004 497 4059 and
517 4004 651 4069 soldierr3
669 4006 793 4077 allinit-inp
814 4008 873 4062 ctat
891 4028 964 4065 more
982 4012 1099 4066 humone
1119 4012 1185 4064 titan
1199 4019 1226 4064 to
1240 4011 1335 4066 orurch
1348 4029 1425 4082 upon

312 4091 369 4144 him
383 4090 494 4144 without
508 4091 600 4156 notice,
615 4107 646 4144 aa
660 4091 824 4163 Xenophon
838 4110 901 4166 noyn
917 4097 947 4150 in
962 4097 1011 4152 the
1028 4097 1200 4168 Cyropoedio.
1247 4096 1305 4150 But
1320 4097 1357 4168 by
1372 4097 1424 4153 the

310 4176 379 4230 Lau
394 4176 428 4231 ol
438 4177 568 4243 Natious,
583 4194 601 4231 a
615 4177 789 4232 declaration
804 4180 838 4233 of
848 4197 906 4235 war
920 4183 943 4235 ir
959 4200 990 4236 re
1010 4183 1093 4237 uisite
1112 4183 1142 4236 in
1156 4182 1195 4249 all
1211 4199 1298 4243 cases
1301 4183 1424 4254 ,legire

311 4244 500 4338 qlccnsronor
514 4254 594 4317 th'ose
609 4250 817 4339 pleecocurnrh
785 4272 992 4335 unffi—notem
998 4268 1068 4331 both
1081 4269 1166 4332 sides,
1179 4268 1232 4322 but
1247 4286 1284 4322 on
1318 4330 1327 4339 q

320 4347 432 4410 ΑΗ.
479 4350 583 4404 1Βιιι
622 4349 675 4403 uch
702 4368 720 4404 a
742 4351 916 4406 declaration
937 4371 960 4406 rs
984 4354 1075 4408 either
1094 4372 1177 4408 contu
1222 4355 1301 4409 nalo
1382 4351 1422 4392 ⁴·

310 4434 493 4503 conditional,
506 4434 607 4490 when
600 4447 622 4489 rt
632 4436 655 4489 is
665 4438 900 4514 οοιιΜιι-οιιιῑιιι
914 4457 932 4492 a
947 4440 1069 4493 demand
1084 4441 1130 4494 for
1144 4441 1193 4518 the
1208 4443 1378 4497 restoration
1392 4444 1427 4499 of

830 4506 889 4514 ‘⁸⁸'-
904 4507 1042 4522 '‘msa-.-

309 4519 1048 4596 Qninnue-stfflutmnemua
1003 4526 1371 4600 ‹1ch
1390 4531 1426 4586 or

309 4605 414 4678 things,
427 4606 477 4661 the
489 4607 584 4662 Feoiol
603 4608 670 4660 Low
684 4609 914 4681 comprohended
929 4618 979 4665 not
994 4612 1062 4684 only
1076 4613 1212 4668 demands
1229 4614 1265 4684 by
1280 4614 1329 4670 the
1343 4615 1423 4687 right

310 4692 344 4749 of
353 4692 520 4764 ownerrhip,
534 4693 587 4748 but
602 4693 661 4748 also
677 4694 726 4748 the
746 4697 909 4767 promotion
923 4699 957 4752 of
973 4699 1112 4771 anpthing
1094 4699 1217 4753 cuhich
1233 4717 1288 4755 was
1303 4702 1360 4757 due
1373 4703 1423 4758 for

308 4779 374 4835 civil
388 4779 485 4836 claime
499 4795 533 4834 or
547 4780 676 4836 criminul
690 4788 749 4837 acta
757 4801 766 4848 ς
783 4799 815 4838 ιιι
827 4783 941 4840 Sorrina
956 4785 1062 4858 rightly
1076 4785 1211 4858 explains.
1256 4788 1355 4846 Hence
1369 4788 1422 4846 the
