3192 5334
324 577 390 645 236
452 585 810 643 ‘l'EhlPEIthhlliNTUM
832 583 948 641 cinca
969 584 1251 641 VASTATIONEM
1294 581 1375 653 [Lm.
1389 584 1445 641 ΙΙΙ.

163 786 280 825 ruerem
323 749 461 817 labenda
483 771 587 828 manu,
605 749 672 837 ipse
693 748 840 816 hortatus
855 757 904 814 est
920 747 1044 826 milites,
1071 756 1108 816 ιιι
1126 748 1318 815 Plutarchus
1341 748 1446 836 loqui·

159 833 210 882 μ’
214 833 255 872 ¹²
324 859 392 965 ιιιι,ο
403 847 466 916 iter
481 848 587 916 iacere
603 857 751 935 tanquam
769 870 827 936 per
844 869 1020 914 concessam
1037 857 1071 915 et
1087 846 1228 937 ipsorum
1238 847 1306 934 jam
1322 847 1445 914 factm

323 947 493 1038 regionem.
546 948 673 1014 Croesus
703 948 790 1036 Cyro
815 949 959 1025 suadens,
993 969 1035 1014 ne
1062 948 1198 1036 Lydiam
1226 936 1444 1034 populandam
1478 972 1481 980 ·

160 1071 299 1115 muse
324 1048 416 1115 militi
432 1047 533 1124 daret,
550 1070 615 1113 non
630 1070 746 1123 meam,
763 1047 874 1134 inquit,
891 1049 1013 1125 urbem,
1030 1070 1160 1116 nonree
1174 1068 1264 1113 mene
1279 1047 1443 1132 diripias:

323 1148 414 1216 nihil
436 1148 522 1215 enim
545 1149 591 1212 ce
613 1169 663 1213 me
679 1147 756 1231 jam
779 1149 849 1214 ista
865 1149 1058 1234 pertinent:
1093 1161 1153 1215 tna
1174 1158 1272 1215 eunt:
1298 1157 1362 1212 tna
1386 1147 1445 1214 illi

319 1249 471 1336 not·
1317 1283 1320 1287 =

400 1346 422 1411 2
452 1341 567 1410 Aliter
579 1365 633 1430 qm
622 1342 812 1421 '‘iaciunt
802 1368 836 1411 ιιι
861 1367 914 1413 eos
938 1369 1002 1415 non
1022 1345 1104 1414 male
1123 1345 1282 1435 quadrant
1304 1343 1363 1412 illa
1383 1346 1445 1413 Jo-

325 1451 421 1512 eastoe
438 1442 481 1510 ed
497 1441 678 1534 Polynicen
695 1445 792 1512 verba
807 1446 1020 1516 Thebaidibus
1037 1448 1176 1526 Seneca,
1194 1449 1290 1532 (vers.
1309 1449 1391 1526 558,
1409 1454 1445 1515 et

323 1545 426 1634 “vg
543 1647 674 1704 Petendo
687 1649 810 1722 patriam
823 1651 935 1722 perdis.
957 1657 991 1707 nt
1005 1651 1056 1707 ssat
1069 1656 1128 1714 tua,

543 1734 596 1790 Via
610 1749 672 1790 esse
686 1735 811 1790 nuliame
836 1739 905 1808 quin
920 1750 977 1794 tuae
990 1754 1082 1793 eeusm
1097 1740 1182 1790 nocet
1238 1775 1240 1778 -

544 1820 643 1892 Ipsum
656 1819 719 1886 hoe,
733 1822 810 1893 quod
823 1824 909 1878 armis
923 1825 982 1878 uris
997 1823 1106 1878 infestis
1120 1821 1222 1885 solnm.

546 1907 718 1978 Segetesquc
732 1909 844 1963 adultas
858 1911 969 1975 eternis,
983 1915 1013 1964 ct
1027 1916 1103 1964 totos
1116 1907 1215 1979 iugem
1288 1928 1291 1934 Δ

544 1992 614 2047 Edis
628 2008 681 2064 per
694 2009 785 2065 agros.
821 1995 915 2049 Nemo
929 1997 969 2050 sic
983 2003 1075 2049 vastat
1090 2010 1149 2050 sua.

545 2077 616 2142 Qum
629 2080 732 2151 corripi
746 2079 821 2151 igne,
834 2096 897 2152 quae
911 2082 981 2136 meti
995 2080 1090 2153 gladio
1100 2079 1195 2151 jubes,

546 2162 648 2219 Aliena
661 2164 762 2220 eredis.
790 2189 792 2192 ·

163 2301 244 2342 nstv.
253 2300 283 2342 ιι
327 2280 393 2345 Par
408 2291 516 2345 sensus
532 2279 617 2366 apud
635 2278 778 2345 Curtium
794 2277 856 2345 illis
872 2279 996 2347 verbise
1015 2282 1179 2368 quiequid
1193 2302 1258 2346 non
1273 2284 1445 2367 compie-

326 2390 406 2454 sent
423 2379 568 2446 hostium
584 2400 650 2445 esee
666 2381 812 2465 confessi.
859 2379 955 2446 Unde
971 2401 1035 2445 non
1051 2380 1145 2469 longe
1162 2380 1280 2446 abeunt
1298 2401 1346 2457 ea,
1369 2402 1445 2467 quoe

165 2496 249 2583 ppt.
227 2495 296 2543 ,ιιι
329 2477 464 2544 Cicero
455 2499 489 2543 ιιι
503 2476 602 2543 literis
618 2476 660 2543 ad
677 2478 818 2544 Atticum
839 2477 999 2565 disputat,
1005 2479 1157 2545 adversus
1177 2478 1319 2565 Pompeii
1341 2479 1445 2545 cousi-

327 2575 404 2643 lium
429 2576 512 2642 fame
539 2575 675 2663 patriam
699 2577 841 2643 necandi.
893 2579 999 2664 Atque
1022 2579 1081 2643 hoe
1105 2579 1231 2644 nomine
1254 2578 1446 2645 Alexander

166 2692 242 2742 casa
329 2675 410 2742 isius
434 2675 541 2762 culpat
562 2674 740 2762 Philippum
766 2659 846 2741 libro
869 2676 995 2764 Polybii
1012 2697 1096 2753 mers,
1121 2677 1209 2764 cujus
1225 2677 1325 2743 verba
1342 2676 1445 2744 latine

113 2849 114 2852 Ἴ
166 2774 436 2842 nnmuahune
427 2796 460 2839 ur
477 2774 604 2840 modum
624 2773 721 2840 vertit
737 2773 866 2841 Livius:
890 2777 927 2840 in
944 2776 1023 2842 bello
1039 2799 1103 2843 non
1125 2778 1279 2863 conprecli
1295 2777 1445 2864 (Philip-

321 2875 419 2964 pum)
437 2896 528 2962 oeqno
543 2895 669 2959 campo,
692 2895 796 2960 neque
811 2875 941 2942 collat-is
963 2877 1070 2960 eiynt‘s
1084 2878 1261 2953 dimicare.
1272 2879 1330 2942 sed
1351 2879 1446 2962 refie-

325 2977 464 3062 yientem
481 2975 651 3040 incendere
675 2994 717 3039 ac
733 2975 880 3060 diripere
904 2976 1008 3053 nrbes,
1033 2987 1064 3041 et
1081 2978 1279 3041 vincentium
1293 2979 1446 3062 praemia

326 3076 453 3142 nictum
467 3094 681 3159 eorrumpere.
723 3073 771 3138 Αι
785 3095 850 3139 non
866 3075 1086 3161 sioantiqnos
1102 3077 1324 3142 Macedonum
1339 3098 1445 3162 reyes,

319 3247 404 3281 emm.
434 3230 568 3292 Procopius
584 3229 654 3276 initio
675 3228 862 3278 Vandalieorrnn
909 3244 976 3290 quent
992 3245 1161 3292 eupuqnunne,
1173 3231 1279 3292 popalus
1291 3237 1373 3279 nester
1388 3233 1448 3282 eet!

244 3309 246 3313 '
327 3307 435 3356 secundi.
466 3304 588 3368 (Cepi.)
617 3304 692 3364 Apud
704 3303 860 3349 Helmcldum
909 3319 985 3365 qnare
1001 3319 1058 3366 erqo
1072 3306 1204 3353 invenimur
1219 3307 1296 3353 hostes
1310 3307 1446 3364 ιιοοινίοιει,

326 3384 384 3445 lego
394 3382 449 3430 Lib.
459 3395 480 3431 1.
489 3396 543 3442 cap.
550 3380 589 3430 dil.
609 3378 695 3426 Nonne
704 3383 778 3435 terra,
787 3392 861 3438 quan
908 3385 932 3426 et
946 3380 1102 3440 dissipatores
1117 3382 1267 3442 ceetiyclinnr
1286 3382 1448 3431 morant!

326 3457 486 3516 dormiam
495 3462 562 3505 terra
571 3459 653 3502 nostra
663 3457 704 3509 eet,
717 3458 740 3498 et
745 3453 860 3512 populus,
908 3467 964 3500 eum
974 3455 1012 3500 his
1021 3455 1177 3514 conveniunt,
1188 3470 1243 3518 ques
1250 3457 1358 3504 Bembus
1367 3457 1447 3507 habet

328 3703 405 3769 Asia,
425 3701 526 3773 telling
545 3701 626 3757 them
647 3705 698 3756 ιιοι
720 3705 751 3756 ιο
773 3699 889 3769 destroy
909 3697 985 3754 what
1002 3717 1058 3756 nas
1076 3708 1107 3757 ιο
1129 3700 1167 3757 be
1188 3699 1264 3758 their
1280 3717 1353 3757 own.
1403 3703 1446 3760 So

318 3777 462 3856 ¹Quintius
476 3788 614 3844 exhor-ted
625 3788 668 3842 his
679 3787 796 3842 soldiers
810 3795 841 3840 ιο
853 3784 951 3838 march
963 3785 1087 3857 through
1096 3788 1241 3858 Thessaly,
1249 3804 1281 3842 as
1289 3803 1308 3842 a
1319 3795 1447 3862 country

328 3875 445 3947 already
459 3873 534 3930 their
548 3890 619 3929 own.
659 3874 697 3926 So
713 3873 824 3926 Croesus
842 3870 903 3925 said
918 3883 948 3924 to
967 3871 1066 3941 Cyrus,
1087 3879 1118 3927 ιο
1138 3873 1269 3927 dissuade
1288 3872 1349 3926 him
1364 3874 1447 3930 from

190 4016 191 4020 ,
206 4019 210 4024 f
329 3962 448 4031 nasting
461 3960 561 4031 Lydia,
579 3959 641 4012 Yon
654 3957 712 4012 will
723 3967 769 4011 not
781 3959 886 4027 destroy
898 3975 944 4027 my
957 3957 1122 4027 posessione,
1137 3959 1184 4012 ιιιι
1196 3977 1269 4028 yonr
1279 3975 1350 4013 own.

381 4053 399 4100 2
421 4046 465 4101 Το
480 4044 562 4100 those
576 4045 640 4098 who
654 4043 692 4098 do
707 4042 865 4108 otherwise,
879 4059 921 4098 we
936 4060 1001 4113 may
1015 4043 1102 4115 apply
1115 4043 1188 4098 what
1200 4045 1317 4100 locusta
1330 4061 1397 4117 says
1413 4047 1448 4102 in

329 4133 454 4189 Seneca:
476 4131 536 4184 Yon
547 4131 651 4200 destroy
665 4147 739 4200 yonr
752 4139 868 4200 eonrttry
879 4130 957 4183 senile
965 4147 1022 4200 yon
1033 4139 1078 4200 try
1090 4140 1116 4184 te
1127 4133 1185 4184 tuin
1197 4131 1229 4195 ie,
1239 4134 1284 4195 en.
1314 4131 1354 4186 So
1369 4133 1446 4188 Cur.

328 4221 395 4282 tius.
414 4218 498 4272 What
512 4218 571 4287 they
584 4217 686 4286 spelled
699 4218 758 4286 they
778 4216 981 4285 cekrlctcleclyed
995 4225 1021 4270 to
1040 4218 1133 4288 belony
1153 4225 1180 4271 to
1198 4219 1240 4272 tlte
1259 4233 1361 4288 enemy.
1403 4221 1446 4275 So

329 4306 428 4362 (licere
445 4319 546 4375 argues
568 4303 678 4373 against
692 4302 844 4374 Pompey's
867 4301 974 4371 design,
989 4303 1022 4357 οι·
1040 4303 1177 4374 reducing
1197 4302 1242 4358 his
1263 4311 1386 4375 country
1404 4304 1447 4378 hy

328 4393 443 4448 lamine.
487 4388 552 4444 And
566 4404 604 4443 on
619 4388 675 4442 this
689 4388 800 4458 ground
815 4388 978 4443 Alexander
992 4388 1064 4443 Isius
1080 4388 1189 4444 hlames
1204 4389 1307 4461 Philip,
1320 4405 1353 4445 as
1367 4390 1447 4466 lairy

327 4478 478 4535 translates
492 4476 567 4531 from
582 4473 725 4545 Polybius.

382 4566 433 4621 IV.
474 4571 488 4619 1
512 4563 547 4618 In
565 4560 614 4616 the
637 4559 713 4614 third
731 4561 823 4632 piace,
835 4559 893 4614 this
910 4559 993 4615 holds
1015 4560 1041 4614 if
1060 4560 1110 4616 the
1130 4577 1233 4634 enemy
1249 4579 1303 4617 ean
1320 4572 1447 4636 support

326 4650 444 4707 himself
455 4650 530 4705 from
545 4647 628 4704 other
639 4659 783 4718 quartem
806 4663 837 4702 ns
852 4648 878 4700 it'
893 4646 942 4701 the
956 4663 1013 4711 sea,
1027 4664 1060 4702 or
1071 4648 1242 4703 boundaries
1264 4666 1302 4705 on
1319 4651 1447 4708 another

328 4739 397 4808 eide,
416 4738 453 4794 be
474 4752 558 4809 open.
598 4734 637 4790 So
659 4733 847 4790 Archidamus
866 4732 1017 4808 exhorting
1034 4734 1084 4792 the
1099 4735 1347 4795 Lacedaemoniam
1366 4739 1447 4802 from
