3192 5334
161 428 234 486 Gar.
247 425 316 498 xt]
387 427 687 486 lnmuerlmuxm
708 429 753 487 IN
774 428 902 487 netto
922 428 1056 488 JUSTO.
1214 419 1280 489 217

233 594 274 659 X.
312 595 331 660 1
361 593 450 661 Idem
467 595 670 663 statuendum
687 595 907 663 universaliter
919 596 960 663 de
978 594 1126 672 maribus,
1144 616 1278 683 quorum
1291 605 1434 648 them

160 693 236 762 ritae
251 716 352 784 genus
367 695 409 761 ab
422 694 519 761 armis
535 695 696 762 abhorret.
748 699 833 764 Jure
848 699 926 764 belli
942 699 980 764 in
998 705 1146 764 armatos
1161 717 1279 784 repop-

161 807 340 883 nantesque
361 797 473 871 coedes‚
496 804 533 862 ut
554 796 600 862 ait
622 795 741 874 Livius,
762 795 797 863 id
818 809 876 874 est,
900 820 938 863 eo
948 797 1022 885 jure
1045 797 1130 883 quod
1153 806 1277 862 naturre
1288 812 1418 899 ganne

161 896 316 985 congruit.
358 895 410 962 Sic
428 896 588 984 Josephus
608 918 732 984 coquum
753 896 808 977 ait,
828 907 863 964 ιιι
880 898 912 964 in
936 918 1044 988 pugna
1060 917 1168 983 poenas
1188 895 1416 975 tentamus

161 997 216 1084 qui
233 1017 324 1062 arma
339 1003 502 1083 ceperunt,
525 995 699 1064 insontibus
715 1018 779 1063 nou
795 997 981 1064 nocendum.
1024 995 1173 1064 Camillus
1188 995 1277 1063 Veiis
1289 963 1402 1062 iiico.

161 1096 351 1187 expugnatis
374 1095 482 1174 edixit,
510 1106 547 1162 ut
571 1098 613 1164 ab
634 1095 746 1164 inermi
768 1098 992 1169 abstineretur.
1033 1099 1072 1164 ln
1096 1096 1157 1164 hac
1178 1094 1278 1164 classe

161 1197 297 1284 primum
314 1196 450 1286 ponendi
465 1204 539 1265 sunt
552 1196 596 1275 hi,
614 1198 669 1285 qui
683 1220 773 1265 sacra
785 1208 917 1265 curant:
936 1220 1009 1264 uam
1023 1205 1061 1266 ut
1072 1195 1106 1263 hi
1121 1197 1163 1263 ab
1179 1195 1278 1265 armis

160 1296 357 1365 abstinerent
378 1319 446 1363 mos
466 1296 654 1385 abantiquo
675 1297 736 1365 ιἰιίι
752 1298 893 1390 gentium
913 1297 1069 1367 omnium:
1091 1305 1189 1384 atque
1204 1295 1277 1364 ideo

162 1396 297 1463 vicissim
319 1396 352 1464 ri
370 1397 404 1462 in
427 1397 497 1463 illos
517 1399 763 1485 temperabatur.
817 1399 870 1466 Sic
892 1397 1068 1466 Philisthaei
1089 1398 1197 1465 hostes
1216 1397 1277 1464 Ju-

161 1495 304 1564 daeorum
320 1520 383 1564 non
394 1499 549 1565 nocebant
565 1497 713 1589 ‘collegio
725 1500 962 1588 prophetarum,
979 1499 1149 1587 quoderat
1164 1497 1275 1575 Gabra,

161 1605 199 1664 ut
214 1597 325 1666 mdero
339 1605 388 1666 est
406 1601 425 1664 l
441 1598 527 1669 Sam.
542 1621 576 1668 x.
593 1601 615 1665 5
633 1609 666 1667 et
685 1601 740 1666 10.
791 1602 836 1667 Et
853 1599 897 1665 sic
919 1599 962 1666 ad
976 1599 1072 1666 alium
1091 1598 1203 1676 locum,
1220 1596 1277 1665 ubi

161 1697 261 1764 simile
285 1709 356 1766 erat
380 1699 545 1788 collegium
570 1709 722 1787 tunquam
746 1700 915 1789 sepositum
941 1701 983 1768 ab
1008 1697 1093 1765 omni
1116 1719 1277 1765 umorum

161 1797 286 1886 injuria,
304 1821 375 1865 oum
393 1800 538 1867 Samuele
556 1799 697 1890 confugit
711 1800 828 1878 David,
845 1803 864 1866 1
879 1803 962 1866 Sam·
974 1798 1040 1866 xix.
1055 1801 1110 1866 18.
1144 1797 1277 1866 Creten·

161 1921 221 1977 ses,
243 1908 354 1966 narrat
370 1900 568 1979 Plutarchus,
589 1923 659 1967 cum
677 1900 766 1967 bellis
786 1900 942 1968 intestinis
956 1898 1188 1977 colliderentur,
1210 1921 1276 1966 om·
1287 1905 1440 2000 &gfff-²¹·

161 2021 235 2065 uem
250 2021 366 2067 noxam
384 2000 569 2068 abstinuisse
590 2005 629 2068 ‘a
645 2000 868 2079 sacerdotibus,
886 2010 919 2068 et
940 2001 989 2079 iis,
1010 2022 1090 2088 quos
1108 1998 1276 2066 humandis

161 2099 295 2166 mortuis
309 2100 496 2188 praepositos
510 2097 720 2175 κατακαύτας
734 2102 898 2168 vocabant
937 2102 1010 2167 Huc
1024 2109 1058 2168 et
1074 2099 1276 2189 proverbium

160 2199 240 2266 illud
266 2201 414 2268 Graecum
437 2202 584 2290 pertinet,
606 2195 680 2272 οὐδὲ
706 2199 880 2296 πυρφόροι
907 2198 1110 2296 ὑπελείφθη.
1155 2191 1277 2266 ¹’Notat
1310 2191 1314 2200 ’

163 2300 290 2379 Strabo,
314 2300 389 2368 olim
411 2323 482 2368 oum
504 2311 572 2369 tota
595 2301 720 2370 Graecia
740 2303 837 2368 armis
861 2301 1011 2378 terreret,
1034 2301 1139 2379 Eleos,
1164 2301 1417 2392 repugare*

160 2401 184 2467 J
186 2400 237 2469 ovi
253 2423 369 2479 sacros,
385 2410 419 2469 et
434 2424 542 2469 eorum
557 2401 697 2490 hospites
710 2402 744 2468 in
760 2402 827 2468 alta
843 2423 921 2490 pace
935 2400 1059 2469 vixisse

239 2502 261 2568 2
292 2502 513 2569 Sacerdotibus
534 2503 648 2569 merito
673 2502 733 2568 hae
752 2501 785 2567 in
809 2513 901 2590 parte
922 2509 1097 2589 aquantur,
1121 2499 1176 2588 qui
1199 2498 1277 2568 vita

161 2623 264 2692 genus
286 2601 386 2669 simde
411 2602 586 2694 elegerunt,
609 2610 645 2669 ut
670 2602 814 2669 monaehi
837 2610 871 2668 et
893 2599 1047 2679 conversi,
1072 2599 1106 2668 id
1128 2609 1188 2680 est,
1210 2621 1278 2690 pos-

162 2771 339 2821 taruenna.
350 2785 370 2821 ι.
381 2773 476 2821 titxlv.
487 2775 524 2821 14.
741 2771 859 2832 caecerptis
869 2761 1038 2819 Pcimciunis.
1053 2769 1207 2833 (Parate)
1220 2769 1278 2820 Pari

207 2861 219 2884 ⁸
232 2849 256 2897 Δ
275 2848 448 2909 amussim]
478 2848 575 2896 Servius
595 2849 625 2895 ad
647 2861 694 2898 ιιι.
742 2848 816 2894 ιιιοιιο
825 2846 937 2908 etquiud
946 2846 1168 2909 Olympia,1'5thia,
1177 2846 1278 2905 Nomen,
1299 2840 1303 2848 '

161 2923 299 2973 AEneidocr
315 2939 371 2972 auus
383 2938 436 2972 ιαιιι
448 2923 588 2985 defendebat
598 2938 616 2971 a
627 2924 696 2984 bello,
743 2922 847 2970 Isthmia
857 2926 977 2969 certatum
992 2921 1068 2980 mant,
1083 2921 1205 2968 habebant
1218 2921 1278 2968 belli

160 3002 185 3048 η’
204 3015 251 3047 nen
267 3003 336 3059 etat,
351 2999 436 3047 saltem
452 3000 538 3062 reticio
555 2999 695 3047 sacerdotis.
742 3001 854 3058 tempore
863 2995 1011 3055 ἀσφάλειαν
1021 2995 1063 3044 xal
1077 2995 1170 3054 ἄδειαν,
1180 2995 1278 3044 utute·

163 3074 268 3138 [Agitur
277 3073 311 3121 ihi
326 3079 422 3122 tantum
437 3074 468 3122 da
483 3075 635 3122 immunitate
651 3075 695 3122 Sa-
743 3087 774 3121 oc
804 3073 962 3121 mertem
992 3072 1090 3120 Dcecnt
1123 3071 1278 3135 Thucydides

161 3150 417 3200 cmdotumamilitia.
448 3149 533 3210 J.B.]
742 3149 805 3197 libro
821 3147 1170 3197 naturamnaturaim
1189 3147 1277 3198 Arm

206 3226 311 3276 *Nous
326 3225 426 3288 διναόο]
447 3227 482 3274 Et
498 3225 613 3288 Polybius
633 3225 696 3273 libro
743 3224 815 3287 (με.
825 3223 935 3286 10101.)

161 3315 200 3354 rr.
220 3302 288 3365 (cap.
306 3302 349 3364 73)
367 3305 393 3350 ct
410 3302 534 3350 Dlodorm
553 3299 649 3349 Siculos
662 3300 696 3368 ln

162 3521 307 3586 Camillus,
318 3519 349 3589 in
362 3519 501 3592 stenning
512 3518 587 3583 Veii,
600 3517 728 3575 directed
740 3517 790 3574 the
802 3518 942 3576 unarmed
954 3524 984 3575 to
996 3518 1034 3576 be
1043 3518 1086 3574 let
1092 3517 1190 3574 'alona

217 3608 253 3664 In
267 3607 325 3664 this
338 3607 419 3674 elusa,
429 3606 491 3662 lirst
505 3622 547 3661 wo
561 3612 638 3660 must
650 3605 731 3679 place
743 3606 837 3662 These
848 3605 908 3662 nhc
923 3605 1049 3678 perform
1060 3604 1159 3661 sacred
1171 3605 1275 3662 cilices.

161 3695 221 3752 For
231 3693 295 3750 that
303 3694 385 3750 these
397 3693 508 3749 ahstain
519 3692 593 3749 from
604 3710 689 3757 arms,
702 3693 725 3747 is
739 3709 777 3747 an
792 3694 908 3748 ancient
922 3698 1034 3748 custom
1047 3692 1082 3748 os
1092 3691 1131 3746 all
1145 3692 1274 3758 uatiousr

162 3781 221 3838 and
239 3783 271 3837 in
286 3781 335 3837 old
347 3781 425 3846 time,
441 3779 510 3852 they
521 3795 595 3836 were
607 3787 658 3835 not
669 3779 818 3836 molested.
865 3780 905 3835 So
920 3779 970 3835 the
984 3778 1149 3834 Philistinae
1161 3777 1209 3834 did
1222 3784 1275 3835 not

160 3868 231 3924 hurt
248 3867 299 3924 the
313 3866 411 3924 school
425 3867 459 3923 of
474 3866 523 3921 the
538 3866 675 3938 propheta
690 3865 719 3933 (l
734 3866 812 3921 Sum.
826 3884 852 3920 x.
868 3874 884 3920 5
899 3865 957 3920 aud
972 3860 1064 3928 tolet
1078 3863 1171 3930 Gaba,
1180 3863 1275 3921 where
1343 3939 1346 3942 ψ

161 3955 232 4027 they
242 3953 301 4010 had
315 3955 481 4027 egerrison.
507 3951 572 4007 And
587 3970 618 4008 so
631 3951 659 4020 (1
675 3953 750 4008 Sam.
767 3953 822 4006 rin
840 3951 887 4020 18)
903 3952 997 4007 David
1011 3952 1068 4007 aud
1081 3949 1196 4006 Samuel
1205 3950 1276 4006 took

160 4043 263 4114 refugo
282 4048 313 4097 at
335 4041 452 4106 Neicth,
473 4039 566 4095 where
588 4039 670 4095 there
692 4057 748 4094 was
770 4039 830 4094 also
848 4056 866 4094 a
889 4038 987 4094 school
1004 4038 1039 4093 of
1055 4037 1106 4093 the
1127 4035 1273 4110 propheta.

160 4127 300 4184 Plutarch
317 4127 421 4184 relates
443 4126 506 4185 that
524 4127 574 4181 tho
593 4126 721 4192 Crete-ns,
735 4127 766 4180 in
786 4125 862 4182 their
882 4125 1017 4180 intestina
1033 4139 1112 4188 wara,
1127 4121 1277 4179 abstained

160 4215 237 4271 from
251 4215 376 4287 injuring
390 4213 440 4270 the
459 4215 571 4286 priests,
590 4214 647 4268 and
665 4213 715 4269 the
734 4213 845 4268 buriars
866 4211 962 4267 ottho
983 4209 1065 4265 dead.
1104 4209 1203 4266 Hence
1225 4208 1295 4266 the'

162 4302 260 4358 Greek
270 4302 402 4374 proverb,
413 4311 460 4356 not
474 4319 535 4356 coen
549 4301 590 4355 the
600 4301 781 4373 pyro-liciter
794 4317 852 4353 uvas
867 4299 923 4372 lest,
937 4297 1020 4352 when
1035 4295 1074 4349 all
1087 4312 1162 4352 were
1175 4293 1274 4351 killed.

161 4387 268 4445 Strabo
280 4394 362 4442 notes
374 4387 437 4444 that
445 4389 474 4442 in
483 4388 598 4442 ancient
610 4388 700 4453 times,
714 4385 794 4440 when
809 4385 848 4440 all
860 4386 970 4439 Grecco
984 4399 1039 4438 nas
1051 4382 1081 4437 in
1093 4381 1281 4453 disturbanee

160 4473 231 4530 with
242 4491 326 4537 arms,
341 4473 392 4530 the
406 4475 520 4539 Elcans,
533 4490 563 4528 us
575 4474 675 4528 sacred
687 4482 718 4529 ιο
731 4473 854 4545 Jupiter,
866 4471 923 4526 and
936 4470 1004 4544 thoy
1016 4468 1079 4526 who
1091 4485 1165 4525 were
1184 4466 1278 4524 under
1383 4539 1388 4549 .

160 4561 239 4620 their
248 4559 423 4633 hospitalit5‚
435 4560 512 4616 lived
525 4561 554 4614 in
566 4560 710 4632 proluund
721 4576 819 4633 peace.

217 4653 236 4704 2
256 4647 351 4721 along
363 4647 432 4704 with
447 4648 565 4714 Priests,
580 4663 629 4704 aro
646 4646 780 4722 properly
795 4644 904 4702 ranked
916 4645 946 4701 in
959 4645 1016 4702 this
1031 4648 1144 4710 matter,
1157 4640 1198 4700 all
1212 4639 1277 4699 nhc
