3192 5334
324 551 366 616 18
585 559 781 655 Quantum
801 560 846 617 IN
866 561 994 621 BELLO
1016 562 1164 630 meatu,
1292 561 1366 638 [Lm.
1380 566 1437 624 111.

325 723 471 793 Diximus
487 725 570 792 enim
586 725 639 816 jue
656 725 797 816 gentium
815 725 886 805 diei,
903 735 937 794 et
952 726 1037 815 qnod
1054 725 1184 817 singulis
1204 727 1352 818 gentihus
1368 732 1436 821 pla·

323 826 389 894 cuit
408 825 476 893 aine
500 836 611 894 mutua
630 827 831 918 obligatione,
849 837 883 895 et
898 827 931 894 id
948 828 1033 916 quod
1050 838 1190 895 mutuam
1210 830 1435 920 obligationem

121 926 125 932 ’
202 983 204 988 ,
323 926 357 994 in
373 926 571 996 recontinet
621 928 741 996 *voces
757 950 846 1018 ergo,
866 937 900 995 et
921 938 1026 1005 nutus,
1044 937 1078 995 et
1093 937 1178 995 notae
1194 950 1273 1017 quaa
1288 930 1434 1010 diximus,

322 1034 452 1116 reperta
472 1037 547 1095 eunt
572 1029 615 1095 ad
639 1027 875 1119 significandum
899 1051 971 1095 eum
995 1039 1106 1096 mutua
1127 1029 1327 1120 obligatione,
1347 1033 1435 1120 qnod

157 1156 220 1234 “a
324 1126 511 1196 Aristotelea
535 1129 617 1196 dixit
641 1123 730 1198 rard
753 1124 937 1210 σονθήκηντ
961 1151 1013 1196 ree
1031 1129 1103 1196 aliae
1125 1151 1188 1196 non
1208 1131 1293 1199 item.
1345 1133 1435 1200 Hine

323 1230 363 1296 fit
388 1231 446 1295 ‘lut
473 1228 569 1296 rebus
593 1229 661 1296 aliia
687 1227 735 1296 uti
757 1228 860 1306 liceat,
886 1229 1007 1296 etiamsi
1035 1230 1266 1317 praevideamus
1290 1232 1433 1300 futurum

322 1338 361 1396 ut
393 1327 477 1395 alter
506 1329 581 1396 inde
609 1329 720 1395 fahan
747 1329 902 1417 concipiat
926 1331 1111 1418 opinionem.
1163 1331 1292 1417 Loquor
1323 1331 1364 1398 de
1385 1348 1434 1400 'eo

323 1429 409 1518 quod
430 1427 634 1495 intrinsecum
658 1437 717 1504 est,
738 1451 801 1494 non
829 1429 870 1496 de
897 1452 936 1495 eo
960 1430 1045 1517 quod
1067 1428 1191 1497 accidit.
1241 1431 1354 1518 Itaque
1376 1453 1429 1500 ex·

323 1527 461 1619 emplum
482 1529 659 1618 ponendum
685 1536 744 1605 est,
766 1529 836 1597 rubi
860 1530 980 1596 nullum
1004 1530 1146 1615 sequitur
1168 1529 1243 1596 inde
1266 1553 1435 1599 nocumen-

322 1639 402 1708 tum,
417 1637 474 1696 eut
490 1629 545 1696 ubi
561 1638 780 1697 nocumentum
804 1629 918 1718 ipsum,
940 1629 1079 1717 reposita
1094 1629 1159 1695 doli
1174 1629 1433 1712 consideratione,

211 1809 213 1813 Α
266 1747 271 1754 ·
322 1728 441 1797 licitum
457 1737 515 1798 est.
712 1751 715 1756 ’
1369 1774 1372 1778 a
1426 1759 1432 1772 ⁸

157 1839 311 1882 bue-nh*
399 1828 766 1917 3Priorisexemp1um
790 1837 843 1896 est
873 1828 907 1895 in
937 1828 1075 1908 Christo,
1104 1829 1159 1917 qui
1189 1828 1276 1917 apud
1304 1831 1435 1900 comites

323 1930 530 1998 Emauntinos
547 1931 790 2024 προσεποιεῖτο
806 1929 854 1995 ire
869 1929 1002 2020 longius,
1019 1929 1127 2005 idest,
1144 1930 1280 2018 speciem
1292 1932 1435 2020 pretulit

321 2031 399 2099 ituri
423 2029 556 2121 longius,
579 2031 638 2096 nisi
660 2028 804 2095 malimus
823 2050 900 2095 vere
921 2051 1046 2117 quoque
1067 2029 1200 2096 voluisse
1216 2052 1288 2097 eum
1303 2031 1351 2098 ire
1366 2031 1436 2098 lon·
1459 2073 1461 2076 -

322 2131 403 2222 gine,
423 2131 482 2198 auh
503 2129 680 2196 conditione
702 2137 810 2195 umen
830 2128 891 2195 nisi
910 2151 1028 2220 magno
1048 2129 1120 2195 nisu
1140 2129 1341 2209 retineretur,
1356 2152 1436 2218 quo-

322 2232 416 2299 modo
440 2239 475 2298 et
498 2230 588 2297 Dens
612 2229 713 2296 multa
737 2229 818 2295 velle
844 2229 959 2296 dieitur
983 2251 1055 2317 que
1080 2242 1144 2296 non
1170 2229 1273 2297 fiunt:
1299 2239 1334 2298 et
1357 2230 1435 2298 ahbi

157 2348 306 2390 κνοω
324 2330 469 2401 Christus
490 2331 559 2418 ipse
582 2329 696 2397 dicitur
721 2329 856 2395 voluisse
877 2333 1042 2418 praeterire
1061 2329 1219 2416 apostolos
1238 2330 1435 2420 navigantes,

322 2453 436 2522 nempe
462 2430 523 2520 nisi
551 2431 691 2520 impense
719 2437 890 2519 rogaretur
915 2451 1029 2495 navem
1055 2429 1232 2496 ascendere
1288 2431 1437 2499 Alterum

366 2608 380 2641 ⁴
392 2610 463 2670 Heio,
477 2613 508 2658 ut
523 2609 550 2657 la
566 2613 621 2657 toto
635 2612 782 2671 argumento
797 2608 854 2666 lato,
902 2621 957 2656 caet
969 2610 1089 2670 wnciptnt
1100 2607 1246 2671 epinim]
1260 2608 1325 2657 Vide
1332 2609 1437 2671 Angue·

321 2687 483 2736 wermudae
501 2690 620 2747 perpetuo
640 2685 855 2741 l’urnnooarxne,
902 2686 983 2732 tinum
999 2685 1030 2732 dc
1042 2685 1165 2734 Doctrina
1182 2684 1325 2733 crem
1338 2685 1436 2736 mam

321 2761 363 2811 De
378 2761 442 2810 Jurc
455 2761 517 2810 Nat.
532 2765 555 2808 et
569 2759 638 2809 aaut.
655 2759 754 2807 Lib-rr.
770 2773 824 2820 eap.
832 2762 856 2816 1,
904 2775 960 2822 etp
970 2763 1009 2809 34.
1412 2819 1416 2826 Ι

320 2851 377 2885 cum
392 2837 466 2885 lieth
481 2836 578 2894 noemin,
597 2835 641 2883 nbi
656 2848 695 2883 rea
716 2834 855 2882 adcuratiuu
950 2843 961 2870 ¹
979 2835 1027 2884 Ubi
1037 2836 1127 2883 unm
1136 2838 1438 2902 indomitum.

320 2917 493 2975 meant,
507 2913 534 2960 in
549 2911 629 2959 altera
646 2913 779 2972 presertim
794 2909 855 2957 Edi·
904 2911 964 2974 ian]
980 2913 1016 2961 Ut
1028 2912 1053 2960 in
1063 2915 1130 2962 laeto
1140 2915 1263 2973 hfieholia
1278 2929 1297 2966 1.
1308 2919 1374 2969 Sam.
1383 2919 1435 2968 xix.

318 2990 395 3039 tione.
425 2989 454 3038 J.
463 2988 496 3037 B.
597 2975 607 2994 ⁸
903 2988 942 3038 16.

366 3075 379 3110 e
397 3064 432 3115 Ut
446 3063 516 3113 reduc
535 3063 594 3112 aliie
609 3064 647 3112 uti
661 3065 740 3123 liceat,
759 3062 854 3111 erranei
949 3064 1134 3126 ‘Olmpiaevl
1155 3066 1196 3115 Slc
1212 3067 1276 3115 hnc
1293 3069 1437 3129 munda,

317 3140 615 3203 prmideemeefitterma
623 3145 651 3189 ct
663 3141 726 3188 alter
735 3139 855 3200 iadesci·
903 3151 955 3186 non
968 3139 1072 3194 ἀπάτην
1086 3139 1112 3186 id
1126 3146 1165 3189 eet
1177 3143 1295 3202 maden,
1306 3144 1342 3193 nic
1355 3145 1436 3207 chy.

152 3314 158 3391 Ι
321 3365 1436 3460 'Qfflmmmumumfflm

153 3396 162 3585 R
226 3375 496 3543 aalma
505 3471 535 3519 to
545 3463 607 3519 that
617 3464 707 3518 which
717 3464 1013 3519 containeaeommon
1023 3465 1134 3537 tun-ul
1143 3443 1437 3540 trs-lm

153 3588 189 3638 l„
287 3618 288 3621 Ἴ
320 3553 401 3619 then,
419 3551 616 3618 andnode,an
653 3558 833 3605 teteritten
849 3551 1010 3607 charactera
1022 3551 1113 3606 which
1124 3552 1437 3619 neharementIoned‚

321 3640 395 3696 have
405 3639 478 3696 been
490 3638 625 3694 invented
639 3643 670 3693 to
684 3637 788 3709 rignify
799 3653 817 3691 a
829 3638 963 3710 meaning
973 3637 1041 3693 with
1053 3639 1164 3694 mutual
1175 3639 1340 3711 obligatior,
1351 3656 1386 3695 or
1396 3640 1437 3715 by

321 3726 508 3791 coutentium
530 3725 584 3781 but
597 3723 681 3780 ether
694 3723 796 3799 things,
807 3731 858 3780 not
869 3741 910 3780 re.
941 3725 1041 3780 Hence
1053 3741 1094 3782 we
1105 3742 1172 3797 may
1183 3743 1234 3782 use
1245 3727 1328 3782 other
1338 3726 1437 3800 thiagn

321 3812 460 3886 although
470 3830 512 3869 we
523 3812 634 3868 foresee
651 3810 714 3865 that
728 3809 851 3866 another
864 3827 968 3882 perron
987 3812 1045 3866 will
1063 3811 1220 3868 therefrom
1237 3813 1312 3869 form
1329 3831 1349 3869 a
1361 3813 1437 3870 fehe

323 3899 448 3973 opinion.
486 3899 502 3953 1
524 3897 613 3969 apeak
635 3897 668 3952 of
688 3896 764 3952 what
787 3898 812 3952 ir
832 3897 970 3961 iatrinaie,
993 3904 1045 3953 not
1065 3897 1100 3953 oi
1117 3898 1193 3954 what
1218 3917 1283 3972 may
1306 3899 1435 3974 huppen.

322 3985 479 4042 'l’hereiore
493 4000 536 4040 we
553 3989 630 4040 murt
647 3983 715 4039 take
734 4000 772 4038 an
791 3984 921 4055 example
942 3984 1036 4039 where
1056 4001 1096 4039 no
1117 3985 1238 4058 damage
1253 3987 1383 4053 sellom
1400 4003 1437 4043 or

321 4073 416 4129 where
430 4072 481 4128 the
494 4071 623 4142 damage,
634 4071 828 4142 rettingaeide
839 4070 890 4126 the
901 4071 1154 4127 considerationes
1165 4072 1301 4138 deeeitie
1315 4073 1422 4130 lawful.

377 4165 395 4216 3
418 4158 459 4214 Oi
478 4156 528 4214 tho
542 4157 651 4213 former
664 4157 734 4212 kind
749 4173 791 4212 wc
805 4156 878 4212 hara
898 4174 936 4212 an
954 4159 1085 4231 example
1104 4159 1136 4214 in
1155 4160 1260 4226 Chriat,
1277 4160 1350 4226 who,
1365 4161 1436 4216 har·

321 4247 373 4320 lug
388 4244 591 4319 accompauied
611 4243 662 4300 the
683 4243 814 4316 disciplet
832 4252 863 4299 to
874 4245 1025 4311 Emmaus,
1045 4248 1127 4302 made
1147 4264 1180 4301 aa
1197 4247 1229 4319 is
1246 4249 1277 4303 lte
1292 4248 1385 4303 would
1399 4265 1437 4320 ge
1500 4288 1502 4291 -

314 4335 448 4411 sartha.-
466 4332 503 4388 he
518 4330 676 4404 pretended
698 4337 729 4386 to
753 4331 854 4386 intend
872 4337 902 4387 to
917 4331 955 4387 do
976 4349 1024 4388 ro:
1047 4340 1149 4406 except
1163 4349 1206 4389 we
1219 4334 1320 4406 pretet
1335 4340 1366 4389 to
1384 4351 1438 4408 ray

322 4421 387 4478 that
397 4421 435 4476 he
449 4420 499 4476 did
511 4419 611 4475 intend
626 4425 656 4473 to
670 4435 707 4490 go
721 4418 834 4474 further
847 4426 948 4490 except
959 4418 996 4474 ho
1007 4437 1081 4476 were
1093 4414 1233 4476 detained
1241 4422 1279 4494 by
1291 4437 1435 4493 urgenoyr

321 4525 353 4564 aa
376 4508 441 4564 God
459 4509 483 4564 ie
504 4507 565 4562 said
583 4514 614 4562 to
633 4506 732 4560 intend
750 4523 835 4577 many
854 4505 949 4577 things
971 4507 1061 4561 which
1082 4507 1119 4562 do
1137 4515 1189 4563 not
1210 4524 1290 4564 come
1311 4515 1342 4563 to
1360 4525 1437 4580 pass.

321 4595 387 4650 And
401 4596 437 4665 jn
461 4594 583 4650 another
604 4593 684 4666 place
708 4592 811 4655 Christ,
832 4593 856 4648 it
875 4594 899 4649 ie
920 4593 990 4658 naid,
1017 4592 1114 4660 (llurlx
1132 4596 1169 4651 ri.
1190 4595 1239 4662 48)
1260 4596 1352 4651 would
1370 4596 1439 4651 tave

318 4682 419 4755 phaed
435 4683 469 4753 hy
492 4681 542 4737 the
566 4681 711 4754 disciples:
734 4678 798 4734 that
824 4680 856 4744 ir,
880 4680 906 4735 ii
923 4680 961 4737 he
983 4680 1041 4736 had
1063 4688 1115 4737 not
1137 4681 1212 4738 been
1233 4682 1365 4755 urgently
1385 4699 1439 4738 en·

321 4767 434 4826 treated
445 4774 476 4824 to
490 4785 572 4825 come
586 4769 647 4824 into
662 4767 712 4823 the
722 4765 794 4840 ship.
824 4766 878 4823 We
889 4783 955 4841 may
966 4769 1031 4840 gire
1042 4767 1163 4826 another
1175 4770 1303 4844 example
1313 4769 1439 4835 inPaul‚
