3192 5334
163 463 235 523 Gsr.
249 461 318 535 XL]
390 463 691 524 lnnnuncmnm
711 464 756 523 m
778 465 906 525 nuum
925 464 1059 525 msto.
1218 461 1283 528 203

162 634 235 710 dat,
251 654 316 700 uon
332 633 437 719 diona
452 643 539 710 suut,
555 631 679 719 quibus
694 634 856 720 iuuencas.
892 633 1011 699 Locum
1027 653 1103 699 sane
1118 631 1284 725 egregium

162 741 287 801 elusus
304 732 431 800 maximi
452 731 612 822 integrum
627 731 724 800 lutino
746 733 849 822 posui,
871 733 947 822 quia
962 731 1065 801 minus
1085 742 1173 802 reete
1188 733 1282 815 resti,

163 832 300 922 ideoque
315 855 375 901 nee
391 832 468 900 satis
484 831 619 922 intelligi
634 833 725 902 solet

241 939 263 1004 5
297 933 436 1002 lfiehael
460 932 617 1020 Ephesius
640 954 714 1001 eum
735 931 838 1001 lorum
860 933 1082 1024 interpretans,
1105 931 1175 1022 ejus
1195 933 1283 1022 quod

162 1034 342 1125 exsperturi
353 1056 418 1101 nou
434 1032 547 1123 potuit,
564 1034 743 1123 exemplum
755 1034 845 1123 ponit
855 1035 889 1101 in
901 1057 949 1112 eo,
966 1035 1022 1124 qui
1037 1034 1121 1102 iores
1135 1033 1282 1123 aperiens
1293 1054 1388 1098 vura
1398 1055 1429 1097 ιι.

162 1146 289 1225 patrem
313 1134 405 1213 laesit,
426 1133 538 1202 autin
562 1133 630 1201 loeo
652 1134 791 1202 solitario
812 1134 981 1222 jaculando
1000 1157 1036 1202 se
1056 1155 1208 1202 exereens
1224 1134 1282 1203 ali·

162 1258 258 1324 quem
274 1234 462 1302 vulneravit
510 1232 598 1322 Ejus,
616 1235 700 1324 quod
718 1235 887 1323 provideri
909 1234 1021 1323 potuit,
1038 1236 1095 1303 sed
1111 1234 1179 1303 sine
1196 1233 1281 1316 dolo,

162 1335 197 1403 in
214 1357 253 1402 eo
269 1334 324 1424 qui
336 1334 495 1423 jaculatus
511 1344 560 1402 est
575 1334 610 1400 in
626 1334 679 1402 uia
695 1334 829 1423 publiea
884 1334 975 1403 Idem
996 1335 1131 1424 scriptor
1146 1335 1282 1408 neemi-

162 1436 240 1504 tatis
256 1436 435 1523 exemplum
451 1433 541 1524 punit
556 1434 590 1502 in
606 1455 654 1513 eo,
671 1435 727 1522 qui
742 1425 826 1502 lame
842 1442 899 1503 aut
914 1435 967 1503 siti
983 1435 1133 1526 adigitur,
1149 1435 1282 1526 utquid
1326 1479 1329 1484 -
1355 1460 1359 1469 ·

161 1536 279 1604 faciat:
305 1535 578 1625 perturbationum
602 1535 803 1612 naturalium,
833 1534 868 1602 in
893 1556 1012 1614 umore,
1038 1535 1157 1615 dolore,
1183 1544 1280 1606 metu

162 1638 229 1704 Per
253 1635 465 1727 ignorantiam
489 1635 559 1702 fieri
585 1633 641 1715 ait,
667 1634 724 1703 ubi
747 1635 865 1703 laetum
890 1634 1067 1726 ignoratur,
1094 1642 1133 1702 ut
1158 1632 1282 1725 siquis

161 1737 329 1805 mulierem
344 1736 464 1804 neseiat
478 1744 620 1824 nuptam
652 1735 705 1803 Ab
718 1735 886 1826 ignorante
900 1758 964 1803 non
980 1758 1040 1824 per
1055 1733 1278 1826 ignorantiam,

161 1839 218 1906 ubi
230 1838 285 1926 jus
300 1837 475 1928 ignoratur.
514 1835 539 1901 J
541 1858 577 1902 us
591 1842 699 1903 sutem
715 1835 856 1926 ignorari
871 1835 1031 1904 interdum
1048 1833 1279 1913 excusabiliter,

161 1937 323 2006 interdum
355 1934 629 2004 inexcusabiliter:
662 1958 735 2025 quoe
766 1959 837 2004 aum
863 1935 1164 2003 Jurueonsultorum
1187 1934 1416 2003 dietmnm

161 2039 282 2128 optime
306 2045 493 2129 congruunt
545 2037 606 2104 Est
631 2035 772 2124 ejusdem
801 2034 981 2104 Aristotelis
1005 2035 1092 2103 loeus
1116 2034 1190 2104 huie
1216 2045 1336 2103 nunt*

161 2138 321 2207 dissimilis
342 2138 424 2206 libro
445 2137 487 2205 de
506 2146 579 2204 arte
599 2136 756 2204 oratoria:
783 2138 929 2224 equitas
952 2139 1107 2224 imperat,
1131 2158 1176 2204 rae
1195 2137 1403 2225 pertrans
1436 2183 1440 2191 ·

162 2242 233 2308 loeo
252 2242 433 2307 lrabeamus
454 2239 652 2324 injuriaret
673 2239 798 2324 culpus,
821 2237 1018 2324 sequeitur
1038 2237 1156 2323 adpre
1177 2249 1210 2304 et
1229 2239 1281 2303 s'u·
1356 2294 1359 2299 4

149 2343 322 2429 fortunia
368 2340 565 2426 Insertum'o
582 2351 693 2406 autom
712 2350 798 2418 suut,
821 2359 895 2425 quo
916 2358 975 2404 aee
991 2337 1168 2423 providem·
1181 2349 1281 2424 potre-

159 2454 268 2518 eruat,
283 2463 342 2509 neo
355 2442 502 2527 improbo
514 2440 626 2505 auimo
640 2440 886 2504 admittuntur:
900 2437 1015 2523 σπῖρα,
1030 2459 1101 2524 quoe
1106 2437 1283 2524 prouideri

154 2553 347 2628 potueruut,
364 2562 429 2606 nort
447 2552 557 2607 tamon
571 2540 720 2625 improbo
741 2539 855 2604 auimo
864 2539 975 2622 fiant.-
1000 2538 1143 2623 injuria,
1160 2559 1234 2625 orus
1249 2547 1282 2605 et

160 2643 328 2709 destinato
344 2652 376 2709 et
391 2642 504 2707 auimo
526 2640 681 2726 improbo.
732 2636 811 2705 Tria
829 2636 899 2704 hae
917 2644 1068 2705 notarunt
1088 2645 1221 2718 veteres,
1243 2643 1280 2705 et

159 2740 197 2809 in
213 2740 267 2808 illo
284 2739 418 2808 Homeri
434 2761 528 2810 versu
544 2739 585 2806 de
601 2735 857 2806 Aehillelliudos
870 2745 1050 2826 postremo·
1290 2747 1424 2797 nium

297 2858 495 2935 odrss'ydpur
492 2856 618 2932 ’ὅφρυη
633 2856 688 2914 nllr’
702 2854 830 2922 domos,
844 2855 899 2913 οὔτ
910 2855 1053 2929 ἀλιτήμων.

294 2966 325 3022 N
326 2983 363 3022 ou
376 2967 476 3039 ignara
489 2963 541 3029 illi,
555 2964 631 3020 mule
644 2963 772 3037 provida,
786 2980 841 3020 nee
854 2962 932 3018 msla
945 2979 1026 3020 mens
1040 2970 1093 3021 ast

240 3067 262 3131 6
298 3063 415 3131 Similia
437 3069 487 3130 est
508 3059 621 3129 divisio
644 3061 730 3149 apud
752 3061 969 3128 limeianum·
996 3063 1202 3151 delinquitur
1217 3076 1432 3174 outssssa

154 3167 339 3256 proponite,
365 3177 426 3232 aut
446 3165 584 3251 impetu,
610 3174 675 3228 aut
695 3183 795 3229 wau:
816 3162 989 3250 propoeito
1010 3165 1205 3253 delinquunt
1230 3133 1318 3232 la*

160 3275 280 3345 trono,
297 3290 356 3353 qus
348 3265 549 3353 fortiorum
564 3262 707 3329 hubent:
731 3264 856 3350 impetu
875 3273 994 3342 autem,
1012 3287 1087 3331 cum
1096 3286 1162 3353 per
1177 3265 1281 3332 sbrie·

146 3367 264 3434 'tatem
279 3369 327 3432 ud
343 3385 462 3431 munus
478 3374 540 3429 aut
564 3363 754 3448 adferrem
769 3365 925 3430 verritur:
950 3370 1035 3432 caso
1049 3387 1135 3444 vero,
1151 3388 1226 3433 eum
1241 3389 1281 3436 ra

158 3468 313 3532 uenando
335 3468 434 3532 telum
454 3465 493 3528 in
503 3465 619 3550 feram
644 3465 781 3529 miserem
805 3464 966 3528 lwmiuem
985 3466 1159 3550 interserit.
1205 3465 1280 3532 Due

159 3565 226 3644 illa,
244 3586 316 3654 qnae
330 3563 491 3655 proposito
511 3572 545 3630 et
561 3561 681 3651 impetu
701 3562 793 3645 fiunt,
816 3562 900 3628 hune
915 3561 949 3628 iu
969 3563 1096 3630 mudum
1113 3564 1281 3656 distinguit

161 3665 293 3733 Cicero:
322 3668 389 3734 Sed
410 3668 448 3732 iri
466 3665 557 3731 omui
577 3662 745 3747 injustitia
757 3663 961 3747 permultum
980 3666 1124 3744 intereat,
1150 3667 1281 3733 ‘utrum
1292 3679 1440 3732 mmet·

155 3768 408 3854 perturbatione
424 3765 542 3850 aliqua
563 3764 681 3843 animi,
699 3785 772 3849 quse
789 3763 981 3852 plerumque
997 3766 1105 3834 brevis
1120 3778 1168 3835 est
1184 3777 1217 3834 et
1232 3767 1282 3833 ud

159 3930 223 3984 sunt,
237 3924 693 3988 simquedorcspursritsosr'qsorau-
747 3925 949 3987 austerumque
963 3927 1281 3993 ornumornum,

159 4004 207 4063 tiu,
214 4001 426 4064 durquwoblr‘rr'o
433 4001 693 4062 summitatique,
745 4016 779 4049 aa
788 4002 895 4049 sumito
908 4006 932 4048 et
941 4003 1106 4064 woitutofiat
1116 4005 1219 4067 injuria]
1234 4005 1281 4055 Ss-

160 4078 201 4125 lrr'e
215 4079 293 4126 'mass
309 4079 384 4138 ipsos,
404 4078 447 4138 qur·
462 4075 529 4123 mula
548 4080 603 4123 eurr
614 4076 693 4135 passi,
745 4077 930 4125 nsmdelrur.
941 4077 979 4125 16.
1008 4076 1118 4124 malms
1130 4092 1199 4140 seps,
1209 4080 1235 4127 ει·
1243 4081 1281 4128 s'ss·

158 4168 251 4216 equuus
260 4159 295 4202 est
303 4154 396 4202 renium
404 4152 473 4202 dure.
500 4151 577 4214 (Cup.
586 4151 625 4213 9.)
745 4152 833 4214 telltqr‘t
842 4166 889 4199 soa
898 4166 928 4200 rr
938 4151 989 4199 ulto
997 4151 1079 4198 uenire
1087 4154 1226 4212 nequitus,
1238 4155 1282 4203 esd

205 4227 507 4291 ‘Utrumperturtutr’uus
516 4228 602 4290 aliquo
610 4228 694 4287 mune,
743 4241 841 4287 urano,
865 4229 931 4291 quod
953 4229 1031 4287 aiunt,
1053 4227 1134 4275 amno
1157 4229 1280 4282 intera-s.

128 4504 130 4508 ’
160 4482 299 4542 Aristotlo
313 4483 344 4539 iu
357 4482 402 4540 his
416 4483 553 4540 lllstorr‘o.
586 4482 652 4540 And
664 4482 715 4540 the
725 4485 855 4542 ancients
868 4488 956 4558 quoto
967 4484 1078 4541 Homer
1090 4488 1122 4540 to
1135 4482 1187 4542 the
1199 4462 1281 4543 nme

160 4571 280 4716 effedtd
294 4657 402 4716 similar
417 4656 538 4715 division
553 4657 579 4715 is
590 4658 674 4732 giren
694 4658 725 4715 ln
742 4658 879 4722 Msreisu,
901 4658 936 4716 uf
950 4657 1050 4716 delicte
1060 4659 1211 4734 preposita
1225 4659 1279 4716 irs-
