3192 5334
339 541 382 607 14
600 553 795 619 QUANTUM
816 554 861 610 IN
881 553 1008 612 BELLO
1030 554 1179 622 LICEAT,
1307 555 1382 627 [hro.
1395 555 1453 613 111.

338 716 384 788 ur
399 717 530 788 cunni
546 727 595 788 ac
611 705 793 807 (tietmar.
812 741 856 788 ιι.
876 722 954 808 on:

643 839 700 914 Χρι)
722 841 752 897 tc·
772 844 826 898 πᾶν
846 839 892 910 ι’ρ·

641 925 711 985 ton’
731 926 886 1000 ἆμονρῦσαι
901 929 949 984 rdr
964 927 1069 1000 ι’χθρόν.

643 1032 761 1099 Quidvis
775 1033 886 1106 agendo
900 1032 1009 1089 scilicm
1022 1031 1133 1088 hostica

640 1119 772 1176 Delendn
786 1120 827 1175 ris
841 1125 894 1176 est.

337 1217 439 1308 Apud
454 1215 622 1308 Virgilium
641 1215 796 1306 [AEneid.
814 1219 846 1286 ii.
864 1241 895 1286 r.
913 1216 998 1306 300]
1016 1240 1142 1306 quoque
1158 1219 1274 1288 dictum
1292 1221 1380 1302 illud,

553 1337 644 1395 Dolus
658 1356 696 1394 un
711 1341 799 1396 virtus
812 1339 875 1412 quis
889 1340 920 1395 in
934 1338 1017 1395 hoste
1029 1340 1177 1412 requirat?

335 1434 478 1525 sequitur
492 1435 560 1525 ipss

729 1543 867 1616 Ripheus,
877 1542 1047 1615 justissimus
1061 1558 1135 1598 unus

555 1627 611 1696 Qui
624 1627 681 1686 ruit
695 1630 726 1686 in
739 1631 857 1686 Teucris
871 1637 902 1686 et
915 1628 1140 1685 servantissimus
1153 1629 1237 1700 aqui.

336 1737 381 1805 Et
404 1734 522 1829 legitur
542 1737 627 1804 hoc
618 1759 719 1826 ipsum
746 1738 885 1805 imitatus
909 1735 1070 1825 sapientire
1091 1735 1216 1803 nomino
1238 1736 1451 1808 nobilissimus

171 1851 210 1890 n
171 1852 313 1948 ai‘fl‘
296 1837 444 1905 ¹·.Solon
497 1836 617 1904 Silius
607 1860 640 1904 ιιι
657 1839 752 1905 rebus
770 1838 862 1905 Fabii
878 1837 1031 1905 Maximi.

170 1944 258 1986 Μ’·
238 1946 322 1991 ”Μ’
681 1959 755 2014 Exin
770 1959 868 2014 virtuti
883 1958 990 2031 placuit
1005 1958 1096 2014 delus.

408 2059 432 2124 2
465 2055 559 2146 Apud
579 2058 752 2123 Homerum
770 2057 950 2144 Ulysscs
920 2057 981 2123 vrri
998 2055 1147 2145 sapientis
1170 2058 1358 2147 exemplum,
1375 2061 1445 2149 ple·

334 2178 394 2224 nus
410 2156 525 2245 ubique
542 2156 718 2223 fraudium
709 2180 742 2222 ιιι
759 2158 901 2224 hostemz
892 2156 1002 2222 ·unde
1020 2156 1175 2223 Lucienus
1190 2160 1332 2248 regulam
1349 2160 1444 2240 elicit,

169 2271 220 2315 aa.
231 2273 301 2372 rans
334 2257 429 2324 laude
453 2257 565 2323 diones
582 2258 636 2344 qui
658 2258 781 2323 hostem
801 2257 923 2323 fallunt
969 2257 1058 2322 Nihil
1074 2256 1215 2323 utilius
1206 2279 1239 2323 m
1261 2259 1341 2325 bello
1365 2261 1445 2328 dolis

255 2333 511 2472 Xenophon
537 2356 627 2435 dixit,
654 2365 687 2423 et
720 2355 870 2422 Brasidas
894 2358 980 2444 apud
1008 2357 1227 2445 Thucydidem
1258 2360 1445 2446 praeclaram

167 2427 279 2555 affl...
334 2455 485 2543 imprimis
509 2456 634 2523 laudem
655 2479 723 2522 essa
745 2478 785 2522 ex
810 2449 905 2522 hbelli
930 2457 1043 2525 furtis·
1070 2465 1104 2523 et
1127 2457 1213 2544 apud
1239 2459 1444 2526 Plutarchum
1497 2451 1499 2453 ¹

168 2568 244 2649 ’ξξι
252 2611 300 2650 ιι
334 2556 499 2646 Agesilaus
516 2557 622 2623 hostes
639 2556 783 2643 decipere
803 2566 837 2623 et
848 2556 968 2644 justum
985 2567 1018 2623 et
1034 2556 1151 2623 licitum
1169 2580 1249 2624 esse.
1280 2560 1442 2675 Polybius,

168 2655 312 2742 ἪΜᾸ
332 2677 405 2743 quac
422 2679 453 2722 n
442 2656 572 2723 ''fiunt
563 2679 597 2722 sn
613 2657 695 2722 hello
708 2656 837 2723 minoris
853 2656 1017 2735 censenda,
1031 2679 1126 2745 quam
1141 2679 1213 2743 quae
1225 2681 1266 2724 ex
1282 2661 1443 2727 occasione

209 2747 309 2798 ’ω
333 2763 372 2823 et
382 2754 475 2824 dolo:
492 2765 580 2823 etex
597 2776 634 2822 eo
652 2755 746 2822 Silius
763 2756 934 2823 Corvinum
950 2759 994 2823 sic
1011 2757 1129 2824 inducit
1142 2757 1343 2845 loquentem:

167 2817 213 2859 uu
222 2819 320 2860 aaron
464 2909 465 2912 ι
489 2865 679 2934 ,mumdum
694 2883 737 2934 est
751 2885 830 2934 „stag
855 2878 944 2935 lerior
958 2880 1019 2935 laus
1032 2879 1064 2934 in
1077 2879 1151 2935 duce
1165 2879 1274 2937 dextra.

330 2975 438 3065 Atque
456 2975 504 3044 ita
524 2975 680 3044 censuisse
702 2976 785 3063 ipsos
806 2977 875 3043 illos
896 2999 1023 3044 severos
1043 2978 1185 3044 Laconas
1203 2987 1295 3045 notat
1315 2980 1441 3046 Plutar-

166 3089 312 3184 3³}er
330 3077 416 3156 chus,
439 3097 477 3142 ac
493 3077 641 3164 majorem
663 3074 757 3141 etiam
774 3075 931 3143 victimam
952 3078 993 3144 ab
1010 3099 1047 3143 eo
1063 3076 1264 3157 immolatam,
1284 3080 1339 3168 qui
1356 3081 1440 3160 dolo,

328 3256 347 3292 ι.
362 3243 483 3301 rernm,
492 3243 545 3292 ⁴29&
575 3243 658 3291 Habet
668 3247 787 3291 Auctore
801 3244 859 3290 Sto·
907 3245 963 3301 tius,
970 3257 1042 3306 quem
1052 3243 1114 3290 citat
1123 3243 1227 3291 Servius.
1249 3242 1440 3306 [Videlloninns

328 3322 389 3378 hoc,
404 3322 480 3368 Serm.
491 3333 538 3367 uu.
548 3334 605 3382 pag.
615 3320 671 3370 365.
679 3319 720 3365 ubi
730 3319 858 3379 Antigono
908 3319 1058 3376 Marcellum,
1068 3332 1127 3365 vocs
1135 3319 1246 3377 Furtum,
1255 3333 1312 3381 pag.
1318 3323 1372 3369 310.
1388 3321 1440 3371 Ed.

326 3396 451 3444 munitur.
480 3395 552 3445 Η.
756 3453 761 3460 ι
782 3382 792 3402 ”
906 3391 1025 3455 Meroen]

372 3471 385 3508 ἱ
399 3472 466 3521 Belli
467 3470 560 3535 fitrtia]
569 3473 611 3520 lta
620 3477 646 3519 ct
652 3471 771 3534 Virgilius
777 3469 859 3532 loqui·
952 3467 960 3502 ¹
973 3469 1118 3516 Bcllmrduns
1130 3473 1166 3516 cat
1178 3467 1245 3531 actu]
1262 3471 1439 3520 hluhsmmedis

327 3547 859 3611 nrAEnetdosxr.(rsra.615)ecSa11us-
908 3544 1000 3592 dictum
1015 3545 1108 3593 simile:
1131 3545 1231 3593 asam
1244 3545 1390 3609 Hectorea,
1411 3549 1441 3597 id

325 3835 458 3876 mnemon
471 3818 610 3892 question.
641 3819 669 3874 It
684 3818 692 3834 '
719 3816 850 3872 assumed
865 3815 928 3870 that
942 3816 964 3869 it
978 3815 1010 3879 is,
1025 3815 1063 3887 by
1077 3815 1193 3880 Homer,
1207 3816 1323 3882 Pindar,
1336 3815 1440 3889 virgil,

326 3905 425 3970 Solon,
437 3905 532 3961 Silius.
568 3834 992 3976 [Senmet—ed]
1148 3933 1151 3939 ·
1191 3920 1197 3927 ·

378 3997 398 4046 2
417 3990 533 4062 Ulysses
545 3991 576 4045 in
591 3990 706 4054 Homer,
720 3990 770 4044 the
783 3988 914 4060 example
929 3988 963 4042 of
973 4004 992 4042 n
1005 3987 1071 4042 wiso
1084 4005 1160 4052 man,
1174 3990 1197 4043 is
1211 3987 1266 4043 fult
1281 3988 1316 4044 of
1332 3994 1439 4045 strata·

324 4094 406 4151 gems
424 4077 544 4133 towards
562 4075 612 4132 the
628 4094 745 4148 enemy;
763 4076 821 4130 and
838 4076 946 4129 Lucian
958 4076 1065 4146 praises
1079 4072 1160 4130 those
1177 4075 1240 4130 who
1255 4075 1369 4131 deceive
1386 4075 1438 4132 the

324 4181 437 4236 enemy.
470 4163 632 4236 Xenophon
652 4164 714 4218 said
729 4162 791 4218 that
806 4164 837 4216 in
851 4179 908 4215 war
922 4161 1042 4232 nothing
1056 4179 1112 4217 was
1127 4179 1158 4217 so
1172 4162 1267 4218 uselul
1280 4179 1311 4217 as
1327 4164 1437 4228 dcceitr

323 4266 356 4308 so
370 4252 400 4306 in
412 4249 600 4322 Thucydides,
613 4250 760 4313 Brasidas;
779 4250 835 4302 and
848 4248 877 4302 in
889 4248 1033 4310 Plutarch,
1047 4248 1202 4319 Agesilaus.
1231 4249 1367 4320 Polybius
1378 4250 1438 4304 and

324 4338 411 4395 Silius
422 4354 473 4410 say
486 4336 550 4393 that
564 4338 594 4392 in
606 4355 663 4391 war
681 4337 766 4390 fraud
781 4337 804 4389 is
819 4336 914 4389 better
928 4334 997 4388 than
1012 4335 1108 4399 forcc3
1125 4352 1157 4390 so
1172 4335 1222 4391 the
1236 4352 1333 4390 serere
1347 4336 1437 4390 Lace·

323 4425 497 4481 daemonicus
511 4424 640 4496 thought,
651 4440 682 4478 as
694 4421 830 4478 Plutarch
843 4437 921 4493 says:
941 4421 998 4475 and
1010 4438 1042 4476 so
1054 4421 1091 4477 he
1100 4423 1206 4494 praises
1220 4422 1367 4496 Lysander
1377 4423 1437 4477 and

315 4511 519 4586 *Philopcmem
565 4513 604 4567 So
619 4511 792 4565 Ammianus.

382 4605 399 4654 3
421 4599 483 4654 The
500 4600 613 4655 Roman
631 4599 736 4653 Jnrists
754 4595 809 4650 call
829 4595 852 4648 it
872 4594 947 4665 good
962 4594 1055 4651 deecit
1078 4586 1173 4670 (bonan
1194 4588 1283 4672 doleas)
1304 4595 1396 4652 which
1416 4613 1436 4652 a

322 4699 389 4740 man
407 4687 542 4757 praecisos
557 4687 667 4756 against
679 4701 715 4738 en
729 4698 839 4752 enemy,
850 4674 912 4735 'and
924 4698 973 4753 say
988 4683 1052 4738 that
1071 4685 1094 4740 it
1109 4685 1206 4740 makes
1224 4701 1262 4741 no
1281 4684 1436 4752 differencc

321 4771 449 4827 whether
461 4788 517 4845 any
524 4788 579 4828 one
589 4771 674 4827 clude
688 4770 737 4827 the
747 4785 850 4843 enemy
858 4767 897 4843 by
906 4768 985 4826 force
997 4786 1031 4826 or
1041 4770 1081 4844 hy
1091 4771 1184 4828 fraud.
1209 4772 1248 4827 So
1256 4770 1432 4827 Eustachius.
