3192 5334
158 414 238 472 (iar.
252 411 335 484 m]
489 416 544 474 DE
564 416 666 475 man
687 416 733 473 IN
753 415 956 475 onsrtvos.
1224 412 1287 476 155

245 580 269 644 3
300 578 341 643 Iu
357 585 467 645 nostra
482 601 559 646 rero
575 580 749 667 questione
765 580 852 647 nulla
875 602 971 647 causa
991 580 1069 672 fingi
1091 588 1205 670 potest,
1230 603 1288 650 eur

164 685 283 769 gentes
298 677 387 744 aliud
407 679 619 767 spectaverint
635 702 729 767 quam
752 691 921 747 externum
938 681 1030 748 illud:
1055 704 1129 748 nam
1154 682 1288 748 facultas
1385 689 1391 699 ‘

166 777 352 846 vindicandi
377 800 514 856 serrum,
540 789 575 847 et
596 780 739 868 cogendi,
757 781 820 847 imo
841 790 874 848 ct
898 782 1063 858 vinciendi,
1087 793 1121 848 et
1142 805 1196 849 res
1218 781 1288 869 ejus

166 878 319 956 habendi,
335 879 508 946 sufficiebat
523 889 561 946 ut
576 881 675 967 captis
697 892 841 968 captores
861 881 979 948 uellent
1002 903 1155 970 parcere:
1178 891 1236 948 aut
1259 882 1288 949 si
1366 877 1378 885 ’

167 990 237 1047 taur
251 979 312 1046 feri
328 989 433 1046 essent
446 989 484 1046 ut
499 978 568 1046 istis
584 981 771 1047 utilitatibus
794 1003 857 1047 nou
883 990 1094 1059 morerentur,
1117 990 1204 1048 certe
1228 1002 1289 1048 neo

168 1089 330 1146 moturum
354 1101 409 1145 eos
430 1079 536 1145 iuerat
560 1080 718 1146 vinculum
743 1081 871 1167 aliquod
892 1081 1004 1147 animis
1025 1080 1183 1169 injectum,
1202 1081 1288 1170 quod

168 1179 273 1268 ipsum
290 1188 396 1245 tamen
413 1178 440 1244 si
457 1178 582 1245 omniuo
599 1180 657 1246 sibi
678 1181 887 1247 necessarium
910 1182 1085 1261 crederent,
1112 1174 1128 1218 ¹¹
1137 1189 1289 1272 poterent

169 1278 303 1369 exigere
319 1279 413 1345 fidem
432 1288 489 1345 aut
500 1278 729 1368 jusjurandum.

249 1382 273 1444 4
301 1379 415 1466 Neque
429 1400 505 1445 vero
522 1389 640 1446 temere
656 1380 689 1445 in
705 1380 787 1471 lege,
805 1377 877 1468 qirae
894 1402 957 1447 non
973 1403 1015 1447 ex
1031 1380 1180 1469 aequitete
1196 1389 1288 1449 natu·

169 1477 234 1547 rali
255 1478 312 1546 sed
334 1477 462 1566 majoris
486 1479 561 1546 mali
577 1479 696 1547 vitandi
721 1503 816 1547 eausa
838 1482 904 1547 lata
927 1491 985 1559 est,
1007 1504 1046 1547 ea
1068 1481 1221 1548 sumenda
1238 1488 1288 1549 est
1375 1484 1379 1492 ’

169 1579 393 1667 interpretatio
418 1602 489 1667 qum
517 1590 645 1667 peccato
673 1582 840 1647 obnoxium
868 1581 964 1647 iaciat
993 1590 1098 1648 actum
1126 1579 1287 1667 ceteroqui

169 1679 302 1747 licitum.
353 1679 554 1746 Florentiuus
575 1681 832 1757 iurisconsultus,
855 1683 944 1747 nibil
962 1684 1104 1760 interest,
1129 1682 1287 1768 quomodo
1300 1697 1440 1784 Luem

170 1783 496 1866 caprimontem
521 1789 590 1847 eet:
615 1794 727 1847 utrum
752 1784 918 1858 discissus,
949 1804 996 1846 an
1017 1784 1052 1846 oi
1076 1781 1287 1867 velfelluct'a
1299 1754 1369 1840 κρέ’

88 1900 90 1904 ·
162 1892 364 1969 potestatem
386 1881 529 1946 hortium
553 1884 702 1949 macerit.
749 1879 905 1947 Nimirum
923 1880 998 1967 quia
1013 1880 1073 1946 hoc
1085 1880 1139 1967 jus
1156 1878 1288 1969 captivi·

168 1979 250 2047 tatis
271 1979 318 2046 ita
335 1980 389 2068 jus
414 1988 472 2058 est,
500 1987 536 2046 ut
561 1980 623 2045 alio
646 2003 739 2045 sensu
762 1980 946 2068 plerumque
969 1990 1003 2046 et
1023 1980 1139 2067 injuria
1155 1980 1205 2058 sit,
1223 2002 1287 2067 quo

167 2079 298 2146 nomine
314 2089 349 2146 et
364 2102 386 2146 a
401 2080 500 2145 Paulo
511 2079 735 2166 jurisconsulto
753 2079 973 2147 ⁷nominatur:
994 2079 1056 2166 jus,
1076 2079 1179 2166 quoad
1196 2080 1287 2146 effeo·
1299 2090 1445 2179 {32⁹2st

167 2189 223 2247 tus
240 2180 408 2266 quosdam:
435 2179 559 2267 injuria,
576 2179 604 2245 si
620 2181 652 2245 id
668 2179 752 2265 quod
768 2179 817 2244 rei
833 2178 1035 2244 intrinsecum
1053 2187 1102 2245 est
1118 2188 1287 2267 spectetur.

168 2280 268 2347 Unde
284 2289 319 2346 et
335 2280 395 2346 hoc
408 2288 550 2367 apparet,
565 2278 592 2345 si
609 2280 678 2366 quis
695 2280 777 2344 bello
794 2278 911 2365 injusto
923 2287 1034 2365 eaptus
1050 2277 1082 2343 iu
1099 2287 1289 2366 potestatem

166 2379 308 2447 hostium
326 2380 458 2459 venerit,
476 2380 572 2446 abeo
595 2401 658 2444 non
678 2378 861 2445 attaminari
885 2377 964 2444 iurti
986 2377 1115 2444 crimine
1140 2376 1289 2458 animum,

166 2553 497 2620 injustitiailleintrinseoe:
512 2555 572 2603 elias
584 2570 630 2616 pro
638 2560 705 2602 certo
754 2568 824 2602 arsit
840 2556 871 2602 ab
887 2556 1008 2603 extraneis
1024 2554 1180 2612 detinebatur,
1195 2555 1290 2617 signifi·

168 2644 265 2692 ponae
273 2631 404 2689 debuisset
414 2632 496 2678 omnia
504 2632 569 2679 belia
581 2632 706 2678 Romano-
756 2636 814 2678 eant
827 2635 922 2677 tuntum
935 2644 982 2690 per
996 2631 1050 2686 uim,
1063 2631 1113 2677 sive
1125 2630 1226 2691 justam,
1240 2630 1291 2679 sire

169 2721 228 2755 rum
240 2705 309 2766 iuste
325 2708 407 2764 fuisse,
424 2722 500 2769 quum
515 2708 609 2754 nullum
624 2707 706 2764 fuerit,
755 2706 881 2765 injustam,
890 2706 955 2764 quod
971 2711 1066 2766 spectat
1077 2705 1156 2767 ipsum
1170 2706 1290 2755 llostentt

169 2784 198 2829 l*
215 2795 265 2842 quo
282 2782 331 2830 Jus
347 2782 492 2829 Postliminii
505 2784 585 2829 locum
601 2797 650 2828 non
662 2781 706 2827 ha·
757 2786 783 2827 et
793 2794 824 2827 eo
838 2794 910 2826 sensu
924 2780 1029 2827 sumitur
1033 2795 1081 2842 per
1091 2782 1212 2839 iniuriare,
1222 2782 1248 2827 iu
1258 2781 1290 2831 L.

171 2860 254 2907 beret.
284 2859 333 2906 Sed
352 2858 377 2905 in
395 2858 423 2905 1„
443 2858 480 2906 19.
497 2858 529 2904 D.
549 2857 579 2905 de
596 2856 668 2917 Capi.
685 2860 709 2903 et
756 2858 779 2903 3.
792 2857 807 2916 §
818 2858 841 2902 2.
853 2856 887 2902 D.
901 2854 1066 2916 Adloquor.
1077 2856 1137 2904 deos*
1141 2857 1253 2919 priuata,
1261 2860 1291 2905 ut

173 2936 290 2986 Petilius.
307 2937 382 2984 verbe
398 2934 449 2993 ills,
463 2940 491 2981 ut
505 2934 548 2995 qut
563 2946 618 2981 rsa
634 2946 708 2981 insu·
756 2931 899 2978 adtendeuti
908 2931 1011 2991 patebit.
1039 2932 1069 2980 J.
1079 2933 1114 2981 Β.

175 3187 220 3245 ieie
235 3204 304 3242 own.
348 3186 408 3241 Bor
424 3187 498 3240 wbot
512 3186 554 3241 tlte
562 3186 647 3259 judee
664 3184 765 3239 ciceides
785 3182 923 3254 sineerely,
938 3200 1002 3238 eum
1015 3182 1165 3255 iswronp,
1181 3182 1205 3238 it
1223 3181 1287 3239 lew.

175 3275 318 3331 Anatim
329 3274 370 3327 tlte
380 3290 453 3328 same
464 3274 540 3343 thirty
551 3272 642 3326 would
656 3273 684 3325 be
695 3271 768 3341 riqbt
780 3270 839 3323 and
849 3279 895 3323 not
907 3270 989 3340 right.

116 3373 119 3380 ·
238 3366 255 3416 3
281 3361 340 3414 But
351 3360 381 3412 in
396 3375 449 3413 our
462 3360 601 3434 question,
619 3345 756 3427 [whether
768 3374 786 3410 a
801 3357 912 3427 captive
926 3373 992 3428 may
1006 3348 1128 3426 escape]
1149 3371 1187 3409 no
1204 3370 1290 3410 cause

177 3464 233 3503 can
256 3446 294 3501 be
311 3445 426 3499 derised
443 3444 506 3515 why
523 3445 636 3498 notioris
655 3442 756 3497 should
777 3442 850 3496 haro
870 3442 997 3513 imposod
1018 3457 1073 3511 any
1085 3439 1163 3494 houd
1176 3439 1291 3512 beyond

177 3533 230 3590 the
253 3531 381 3588 extemal
405 3547 468 3586 one.
512 3531 570 3585 For
592 3528 642 3584 tho
664 3529 740 3599 right
763 3529 797 3583 of
813 3528 946 3599 claiming
963 3546 981 3582 u
1003 3528 1088 3590 siuve,
1109 3526 1143 3581 of
1159 3526 1292 3599 coereing

177 3619 249 3685 him,
260 3637 333 3675 eren
345 3619 378 3674 oi
390 3618 504 3689 putting
520 3616 622 3671 himin
637 3614 743 3681 chains,
755 3615 811 3669 und
827 3616 861 3670 of
872 3616 995 3686 kcoping
1017 3612 1061 3667 his
1076 3619 1220 3685 property,
1234 3628 1291 3669 ves

178 3706 320 3764 sufficient
339 3712 372 3762 to
395 3704 498 3759 induce
513 3710 625 3774 captors
648 3708 679 3756 to
699 3719 782 3771 sparo
796 3702 873 3757 their
887 3702 1032 3772 captives3
1053 3716 1088 3754 or
1098 3699 1124 3753 ii
1135 3698 1205 3772 they
1217 3715 1292 3756 erere

178 3812 212 3851 so
226 3810 329 3865 ravage
340 3810 372 3847 as
391 3799 443 3847 not
457 3798 488 3845 to
502 3790 540 3844 be
562 3789 663 3843 mered
677 3787 716 3858 by
730 3789 812 3842 these
831 3788 1013 3858 advantagos,
1033 3786 1101 3859 they
1122 3786 1215 3842 would
1230 3802 1293 3868 cer·

179 3879 271 3953 tsinly
293 3878 402 3935 nothe
422 3878 523 3933 mered
537 3878 576 3949 by
597 3875 660 3930 that
678 3874 786 3928 mental
810 3874 903 3938 bond;
921 3874 979 3928 aud
1000 3891 1070 3930 eren
1093 3871 1160 3939 this,
1182 3871 1293 3947 itrhey

174 3966 287 4041 judged
300 3966 324 4020 it
338 3982 495 4037 necessary,
506 3964 575 4035 they
587 3962 678 4034 might
688 3960 811 4015 demand
825 3978 854 4014 as
866 3978 884 4014 a
898 3963 1021 4033 promise
1033 3978 1067 4016 or
1081 3958 1158 4015 oath.

183 4040 201 4098 ¹·
240 4060 258 4109 4
286 4054 351 4109 Nor
377 4069 426 4107 are
446 4069 487 4106 wo
507 4050 617 4122 lightly,
640 4049 670 4102 in
691 4065 710 4101 a
727 4046 780 4101 law
793 4046 885 4101 which
905 4050 929 4103 is
948 4046 1129 4112 established,
1142 4050 1194 4101 not
1214 4061 1294 4118 upon

180 4140 295 4196 natural
307 4140 413 4211 equit5‚
424 4139 478 4193 but
489 4138 535 4192 ior
552 4136 602 4192 the
620 4135 688 4189 sake
703 4133 737 4188 oi
748 4134 880 4204 uroiding
894 4152 912 4189 a
926 4144 1039 4206 greater
1058 4133 1121 4195 evil,
1135 4139 1166 4186 to
1181 4148 1293 4187 assume

181 4212 220 4283 an
233 4226 452 4297 interpretation
468 4222 558 4277 which
574 4221 665 4276 would
680 4220 763 4274 make
778 4220 914 4275 unluwsul
931 4238 969 4274 an
988 4228 1034 4274 act
1055 4218 1204 4273 otherwise
1226 4216 1293 4272 latr·

180 4313 234 4368 sul.
281 4313 321 4366 So
341 4311 391 4366 the
409 4311 573 4365 Florentino
593 4309 702 4371 Jurist3
726 4308 754 4360 It
779 4307 869 4361 orales
892 4325 928 4361 no
950 4308 1088 4377 differem
1111 4306 1170 4359 boto
1189 4322 1210 4358 e
1227 4321 1294 4378 cap·

182 4400 235 4455 tire
247 4408 366 4462 returns,
377 4398 491 4451 scheller
505 4397 535 4450 bc
546 4398 595 4449 bes
610 4397 670 4449 beers
684 4404 721 4448 set
735 4404 765 4447 nt
779 4394 874 4465 liberty
886 4413 918 4448 or
934 4394 1044 4465 escaped
1055 4394 1089 4464 by
1104 4400 1150 4445 art
1164 4392 1292 4461 orsorce.

182 4486 242 4542 For
253 4485 283 4539 in
297 4484 364 4549 fact,
377 4483 434 4538 this
448 4482 525 4554 right
542 4483 576 4537 of
592 4482 727 4554 captivity
741 4481 764 4535 is
780 4498 798 4534 a
809 4480 894 4553 right,
906 4479 936 4535 in
954 4478 1025 4534 such
1043 4496 1061 4532 a
1079 4494 1161 4533 sense
1181 4477 1244 4532 that
1264 4478 1295 4532 ln

182 4571 305 4630 another
325 4588 407 4629 sense
426 4570 492 4627 itis
509 4569 668 4643 commonly
690 4585 709 4624 a
721 4585 832 4641 wrong:
863 4584 895 4623 as
921 4568 945 4622 it
968 4567 992 4623 is
1018 4564 1109 4621 called
1129 4563 1168 4638 by
1188 4563 1296 4621 Paulus
