3192 5334
282 577 348 644 &32
390 587 445 644 DE
467 587 560 643 rma
582 585 752 642 suamet
773 586 856 651 Qua
877 585 1041 644 BELLUM
1062 586 1240 654 FIXITUR,
1261 583 1346 656 [Lu.
1354 588 1407 646 m

282 754 333 821 ire
349 755 397 820 ed
413 754 525 820 arbitr
526 774 580 817 am
597 774 698 839 qaam
715 753 753 816 ia
762 751 832 836 jas,
850 749 1005 816 rationem
1019 747 1218 839 adjiciens,
1196 785 1218 823 ο
1234 746 1314 845 ’γᾶρ
1331 744 1406 821 drm-

282 880 388 935 Τηῗης
408 882 452 921 ΤΟ
469 848 607 925 immed?
623 848 695 944 opt}
721 879 791 919 οΕ
732 842 791 918 δΕ
810 842 967 932 διῐῢσῗῆς
985 851 1048 921 ‘1'th
1068 849 1172 934 νόμον
1195 883 1253 921 Καί
1243 849 1404 924 ἸὋΙΕΤΨ

282 948 375 1023 ἕνεκα
391 945 562 1033 dietrami:
579 946 734 1044 stips'tiq‘
714 980 804 1022 οπως·
820 947 864 1018 rei
880 947 1021 1023 decresse
1037 949 1150 1052 ἰοχῦη·
1172 977 1255 1019 nam
1272 955 1404 1022 ariter

282 1055 323 1120 td
340 1055 428 1142 qood
444 1076 572 1140 αοιιιοη
589 1065 636 1119 eat
654 1053 802 1140 reapieit,
814 1051 921 1134 judee
943 1053 1066 1138 lepem:
1091 1057 1158 1119 imo
1179 1057 1314 1121 arbiter
1335 1055 1403 1142 ejus

146 1177 156 1214 .·
175 1179 213 1186 ···
265 1155 335 1221 rei
349 1176 453 1221 caure
468 1165 692 1241 reportasset,
709 1164 747 1217 at
763 1152 888 1218 voleret
904 1155 1057 1238 equitas.

266 1258 270 1262 ’
357 1254 379 1319 2
415 1252 518 1332 Quo
508 1275 542 1318 m
563 1253 631 1317 loco
658 1251 789 1339 equitas
814 1272 879 1316 non
904 1252 1032 1339 proprie
1057 1252 1224 1342 significat,
1250 1264 1291 1323 ut
1314 1254 1401 1337 alibi,

282 1360 407 1442 partem
432 1351 517 1416 illam
538 1350 679 1438 justitia,
704 1373 775 1441 queo
796 1351 877 1440 legis
892 1373 1003 1417 sonum
1023 1355 1204 1443 generalem
1226 1377 1268 1424 ex
1291 1366 1400 1424 mente

282 1451 420 1520 auctoris
435 1451 599 1518 adductius
615 1452 854 1540 interpretetur,
876 1454 963 1537 (nam
980 1452 1049 1519 haec
1065 1464 1099 1521 et
1113 1454 1214 1541 judici
1232 1453 1400 1525 commissa

283 1555 345 1638 cst)
364 1551 423 1618 scd
448 1574 539 1618 omne
560 1553 602 1629 id,
626 1554 711 1639 quod
727 1553 844 1618 rectius
866 1552 904 1619 lit
919 1574 1014 1640 qnam
1030 1556 1157 1633 nectit,
1181 1556 1281 1623 etiam
1306 1566 1400 1626 extra

277 1651 411 1742 justitiae
431 1652 560 1741 proprie
579 1652 671 1718 dictae
692 1652 852 1741 regulas.‘
882 1653 948 1719 Sed
968 1654 1049 1720 tales
1068 1655 1180 1722 arbitri
1204 1656 1289 1723 ment
1316 1657 1399 1725 inter

165 1795 168 1799 ›
282 1753 424 1842 privatos
440 1763 473 1818 et
495 1752 633 1840 ejusdem
656 1752 779 1840 imperii
796 1752 882 1819 cives
897 1752 1081 1841 frequentes
1102 1765 1184 1833 sunt,
1201 1766 1238 1823 et
1253 1757 1399 1844 speciali-

282 1864 334 1921 ter
356 1853 543 1921 Christianis
565 1854 823 1919 commendantur
845 1855 887 1920 ab
911 1855 1064 1942 Apostolo
1087 1856 1189 1922 Paulo
1212 1879 1236 1923 n
1255 1858 1337 1926 Gor.
1357 1859 1398 1925 ri

281 1952 329 2020 ita
349 1954 383 2020 in
407 1953 502 2020 dubio
526 1976 590 2019 non
618 1954 713 2020 debet
737 1962 828 2020 tanta
850 1963 990 2042 potestas
1011 1978 1157 2022 concessa
1176 1957 1339 2048 intelligi:
1366 1958 1399 2025 in

282 2053 385 2121 dubiis
401 2054 493 2130 enim,
516 2054 600 2140 quod
617 2054 775 2120 minimum
793 2063 851 2131 est,
875 2055 1056 2141 sequimur:
1081 2056 1240 2144 praecipue
1263 2080 1348 2125 vero
1367 2059 1399 2125 id

281 2153 383 2220 locum
409 2152 508 2220 habet
531 2155 615 2220 inter
641 2177 794 2220 summam
821 2163 1009 2243 potestatem
1033 2156 1220 2232 obtinentes,
1241 2159 1300 2244 qui
1328 2181 1399 2227 enm

276 2252 415 2341 judicem
431 2275 623 2320 communem
640 2277 702 2320 non
719 2255 866 2332 habeant,
888 2255 1042 2321 arbitrum
1068 2255 1215 2322 censendi
1240 2267 1320 2324 sunt
1344 2261 1400 2327 ad-

153 2380 158 2389 ·
283 2353 446 2421 strinxisse
462 2354 501 2420 iis
517 2355 644 2443 regulis,
663 2355 776 2443 quibus
787 2355 903 2442 judicis
920 2356 1051 2422 officium
1068 2355 1225 2444 adstringi
1241 2358 1339 2427 solet.

202 2458 205 2463 '
357 2454 511 2522 XLVlll.
564 2455 647 2520 lllud
670 2467 775 2521 tumen
798 2455 1028 2522 observandum
1051 2467 1109 2532 est,
1132 2457 1273 2522 arbitros
1299 2459 1398 2528 lectos

280 2554 441 2644 apopulis
460 2565 517 2622 aut
532 2555 660 2621 summis
681 2556 889 2642 potestatibus
905 2549 965 2622 ¹¹de
983 2556 1146 2644 principali
1166 2557 1300 2646 negotio
1325 2583 1398 2649 pro-

279 2655 427 2722 nuntiare
447 2655 574 2733 debere,
592 2677 656 2720 non
672 2656 713 2721 de
729 2657 942 2744 possessione:
967 2679 1041 2722 nam
1064 2657 1255 2744 possessorio
1273 2657 1399 2746 judicia

276 2755 359 2844 juris
376 2754 475 2822 civilis
492 2765 578 2821 sunt:
591 2754 666 2843 jure
682 2757 824 2844 gentium
843 2757 1022 2843 possidendi
1032 2757 1086 2844 jus
1102 2755 1274 2823 dominium
1292 2761 1399 2849 sequi·

281 2866 344 2925 tur.
388 2857 477 2934 Ideo,
492 2856 566 2922 dum
584 2878 678 2921 causa
694 2856 903 2945 cognoscitur,
922 2855 1000 2922 nihil
1016 2866 1066 2923 est
1080 2856 1308 2936 innovandum,
1326 2870 1395 2928 tum

279 2978 322 3023 na
336 2954 550 3046 prejudicium
566 2954 631 3033 fiat,
649 2963 716 3022 tum
730 2956 805 3043 quia
822 2956 953 3023 difficilis
968 2965 1017 3023 est
1029 2956 1250 3052 recuperatio..
1284 2959 1399 3029 Livius

323 3132 393 3183 *De
402 3132 539 3196 principali
547 3133 639 3194 repotia
650 3133 811 3192 prooemiare
860 3133 924 3180 Vide
934 3133 1063 3180 &mnam
1075 3131 1236 3180 HearieolV.
1248 3131 1400 3198 [ratpodus

278 3211 369 3270 debas,
382 3226 429 3259 aon
444 3211 474 3258 de
485 3207 645 3271 peremne]
663 3209 693 3254 ld
702 3209 751 3254 dun
763 3209 808 3255 Sa·
860 3223 925 3264 eum,
934 3207 977 3268 qni
988 3209 1084 3255 Serrani
1096 3208 1226 3256 Historiam
1238 3209 1347 3261 alterins
1356 3214 1399 3263 de·

278 3288 373 3335 boudin
382 3288 478 3334 dicebat
486 3286 511 3331 in
524 3284 688 3332 controversia
699 3284 809 3332 Salueiae.
859 3283 949 3346 duxit]

281 3510 353 3567 Τιοι
362 3508 455 3580 ascir
468 3525 535 3562 mua
547 3507 604 3562 will
615 3508 708 3562 rather
718 3525 753 3578 po
765 3517 791 3562 ιο
806 3525 846 3562 ea
857 3508 962 3562 arbiter
973 3507 1039 3562 etan
1050 3518 1077 3564 ιο
1092 3527 1112 3563 ο
1119 3508 1213 3583 judee,
1227 3509 1342 3568 ιωαιιιι
1355 3513 1396 3568 ιιι

279 3596 382 3653 arbiter
396 3595 469 3650 loch
483 3604 510 3650 ιο
525 3595 622 3667 equite,
638 3596 679 3648 ιιι
686 3596 772 3667 judee
787 3605 814 3650 to
829 3595 893 3651 lace.

337 3688 355 3736 2
383 3682 418 3737 In
433 3681 490 3738 this
504 3682 594 3754 placo,
607 3683 696 3752 eqar'ty
711 3681 779 3736 does
797 3691 849 3736 not
864 3699 956 3747 mean,
968 3699 999 3737 as
1014 3677 1177 3744 elsewhere,
1196 3680 1265 3738 that
1277 3689 1349 3756 part
1362 3684 1396 3741 οι

274 3769 379 3842 justice
401 3768 493 3824 which
515 3770 667 3840 interprete
690 3767 739 3823 the
760 3770 814 3823 law
835 3769 873 3840 by
897 3770 933 3825 its
956 3767 1074 3841 general
1091 3766 1234 3838 tendency
1252 3770 1314 3825 and
1332 3771 1393 3828 real

277 3872 410 3930 purpose,
425 3855 484 3923 (ior
498 3855 554 3910 this
568 3864 633 3926 part
647 3855 707 3909 also
722 3856 745 3910 is
760 3856 926 3911 committed
941 3864 972 3911 to
987 3856 1037 3912 the
1047 3853 1137 3925 judge
1146 3852 1168 3920 3)
1183 3854 1238 3909 bnt
1252 3857 1277 3911 it
1291 3873 1391 3914 meana

277 3942 445 4016 ererything
462 3941 552 3996 which
570 3942 594 3996 is
611 3941 706 3996 better
723 3941 798 4004 dona
818 3942 888 3997 than
906 3949 958 3998 not
976 3943 1059 4006 done,
1075 3957 1147 3996 eren
1166 3948 1341 4000 extraneum
1361 3951 1391 4001 ιο

277 4030 329 4086 the
343 4029 418 4084 r'ules
437 4028 471 4083 of
478 4029 591 4098 justice,
604 4029 739 4101 properly
751 4045 784 4083 so
804 4028 921 4084 ealled.'
952 4029 1029 4084 Such
1047 4028 1167 4084 arbiters
1181 4044 1232 4083 ara
1246 4028 1391 4103 frequent,

277 4118 308 4173 in
320 4131 398 4172 enses
409 4115 537 4170 between
550 4116 659 4186 private
670 4132 785 4186 persons
798 4115 855 4170 ond
868 4117 982 4171 citizens
994 4117 1028 4171 ot
1038 4116 1088 4171 the
1099 4131 1177 4170 same
1188 4117 1316 4188 empire3
1333 4118 1390 4174 and

278 4221 327 4260 are
342 4201 493 4274 especially
507 4202 693 4257 commended
707 4209 738 4257 to
754 4203 910 4257 Christian:
930 4204 967 4274 by
989 4205 1023 4260 St
1038 4202 1120 4267 Paul,
1144 4209 1158 4258 1
1175 4205 1241 4258 Cor.
1256 4204 1315 4270 vi:
1337 4203 1390 4261 bnt

277 4291 309 4346 ln
323 4308 342 4347 a
364 4287 496 4345 doubtful
516 4305 589 4351 ease,
610 4305 652 4344 ae
675 4306 724 4344 nro
738 4296 790 4344 not
811 4297 841 4343 to
861 4307 983 4362 suppose
1005 4290 1069 4346 that
1092 4307 1124 4346 so
1143 4290 1228 4345 much
1252 4293 1388 4362 ροιιοτίι

277 4377 406 4451 assigned
422 4383 452 4431 tn
467 4374 554 4430 them.
592 4376 649 4429 For
663 4377 693 4430 in
708 4375 843 4432 doubtful
857 4393 943 4440 enses,
957 4395 998 4433 we
1013 4393 1125 4433 assume
1139 4393 1170 4430 as
1184 4376 1261 4432 little
1276 4393 1307 4433 aa
1323 4394 1390 4451 may

277 4464 323 4520 be.
370 4463 435 4517 And
456 4462 513 4517 this
533 4462 788 4535 especially-holds,
805 4463 934 4518 between
954 4466 1060 4535 parties
1079 4464 1142 4518 who
1164 4463 1237 4517 hare
1255 4480 1389 4537 supreme

276 4548 440 4621 authority:
462 4549 508 4603 tor
525 4548 613 4612 these,
634 4551 711 4605 since
730 4550 800 4622 they
816 4550 889 4604 hose
908 4567 945 4604 no
964 4567 1096 4606 common
1114 4550 1212 4620 judge,
1229 4567 1281 4606 are
1303 4558 1337 4607 to
1352 4553 1388 4608 be

276 4635 418 4710 supposed
433 4642 464 4691 to
477 4635 550 4690 haro
565 4634 661 4691 bound
676 4637 726 4692 the
746 4638 855 4693 arbiter
872 4638 911 4711 by
926 4637 975 4693 tho
990 4638 1065 4693 rules
1080 4638 1119 4710 by
1133 4636 1225 4692 which
1240 4637 1292 4694 the
1306 4641 1389 4696 ollito

276 4724 311 4780 of
322 4742 340 4780 a
350 4724 439 4796 jndge
453 4724 477 4778 is
492 4723 652 4796 commonly
667 4724 773 4780 bound.

330 4811 469 4870 Xthll.
513 4809 583 4866 This
601 4809 732 4871 however
748 4813 772 4868 is
787 4818 819 4870 to
833 4812 870 4869 be
885 4813 1043 4877 remarked,
1061 4812 1125 4869 that
1141 4810 1264 4869 urbitern
1281 4812 1388 4872 chosen
