3192 5334
769 658 917 730 CAPUT
941 661 983 729 x.

375 828 532 888 nomeu
552 829 606 887 un
627 829 703 895 ons,
727 830 821 897 euru
842 833 966 890 emur
986 833 1032 890 m
1051 830 1179 890 unnuo
1200 827 1379 888 meusne.

352 997 378 1056 1.
411 997 858 1068 Qoomeopudorooauaea.
921 1001 974 1058 IV.
996 1001 1178 1068 oostensa
1196 995 1444 1071 recensendu-

331 1143 334 1150 ,
410 1093 466 1150 tur,
477 1084 550 1156 quod
560 1083 602 1138 lor
611 1084 761 1156 permittit:
992 1087 1157 1143 eumenem
1167 1085 1326 1157 oeliyenror.

228 1229 230 1232 ,
344 1167 387 1227 Π.
413 1167 548 1242 Αρῑαιιιηι
562 1170 610 1225 boc
627 1171 783 1242 odeactus
791 1171 857 1243 juro
927 1173 965 1229 V.
992 1172 1041 1228 Art
1066 1191 1109 1228 res
1136 1183 1224 1246 coptus
1246 1171 1313 1226 bello
1338 1170 1443 1244 injusto

408 1257 530 1329 gentium
537 1257 671 1329 pennoso
681 1257 810 1311 dicimus.
992 1260 1135 1315 reddendo
1144 1258 1440 1330 hermamonem

340 1341 526 1399 HLIntorrte
558 1343 692 1416 injustitie
723 1345 855 1417 injustum
921 1344 974 1401 VI.
990 1345 1040 1401 Art
1053 1345 1347 1418 ctobeo‚quidctinst.
1438 1355 1440 1358 ’

410 1445 470 1495 esse,
480 1429 553 1502 quod
562 1446 595 1484 ee
608 1429 674 1485 bello
685 1430 834 1504 iujustcfit.

289 1587 290 1590 ’
326 1583 354 1651 Ι.
397 1584 418 1650 1
515 1581 700 1650 EGENDA
722 1581 798 1649 mihi
819 1591 908 1651 retro
930 1584 1075 1675 vestigio,
1093 1592 1127 1653 et
1143 1584 1305 1675 eripienda
1318 1583 1441 1651 bellum

531 1683 714 1773 gerentibus
729 1705 810 1772 pene
826 1684 940 1762 omnia,
954 1707 1024 1773 quse
1041 1686 1174 1776 largitus
1187 1686 1286 1752 rideri
1298 1707 1439 1773 possum,

324 1805 383 1850 nee
405 1790 513 1851 amen
532 1782 668 1872 largitus
689 1805 778 1850 sum:
804 1806 887 1862 nam,
910 1807 980 1851 cum
1002 1786 1138 1873 primum
1158 1787 1240 1852 hunc
1254 1786 1337 1874 juris
1360 1808 1440 1876 gen-

324 1883 404 1952 tium
420 1893 544 1973 purtem
559 1882 717 1970 explicare
737 1905 806 1948 sum
825 1905 1005 1972 aggressus,
1024 1895 1158 1953 testatus
1174 1909 1252 1964 sum,
1262 1887 1356 1971 juris
1371 1909 1440 1954 esse

324 1992 382 2050 sut
399 1985 494 2052 licere
511 1980 611 2048 multo
627 1981 698 2059 diei,
716 2004 754 2049 eo
771 1983 856 2069 qued
868 1983 994 2070 impune
1008 1984 1096 2062 fiant,
1109 1987 1224 2073 purtim
1238 1989 1333 2053 etiem
1350 1986 1439 2074 quod

319 2082 440 2172 judicis
468 2082 609 2151 coactive
636 2104 725 2148 suam
754 2081 816 2149 illis
844 2084 1063 2150 auctoritatem
1092 2086 1335 2164 accommodent,
1364 2108 1438 2173 quse

324 2190 433 2250 nmen
453 2192 509 2250 sut
528 2182 708 2250 exorbitent
730 2204 750 2249 n
776 2183 854 2250 recti
876 2183 998 2272 regula,
1019 2184 1086 2251 sive
1107 2185 1162 2251 illu
1180 2185 1213 2251 in
1229 2186 1304 2273 jure
1325 2187 1438 2253 stricte

324 2282 418 2363 dioto,
435 2283 550 2351 sivein
567 2281 700 2348 aliarum
717 2281 871 2349 virtutum
892 2294 1049 2372 praecepto
1070 2285 1173 2373 posite
1193 2297 1252 2364 est,
1268 2295 1326 2354 unt
1348 2296 1437 2353 certe

224 2431 229 2461 ·.
323 2382 509 2451 omittantur
524 2382 660 2450 sanctius
677 2390 710 2449 et
726 2404 796 2448 cum
815 2381 927 2469 majori
943 2385 1029 2472 apud
1046 2385 1145 2451 bonos
1160 2385 1265 2453 leudo.

396 2486 419 2551 2
452 2485 492 2550 In
509 2482 686 2550 Troadibus
703 2482 832 2549 Seneoae
848 2483 964 2549 dicenti
981 2485 1109 2573 Pyrrho
1127 2487 1221 2570 (vers.
1238 2487 1341 2572 333)=

517 2604 579 2661 Lex
592 2604 672 2660 nulle
685 2610 769 2677 cepto
783 2603 884 2676 percit,
900 2611 951 2661 ant
965 2621 1080 2677 poennm
1094 2606 1230 2681 impedit:

321 2711 443 2803 regerit
458 2711 684 2803 Agamemnon,

519 2831 604 2899 Quod
616 2848 675 2888 non
688 2837 768 2888 vetet
782 2831 837 2898 lex,
851 2831 907 2888 hoc
922 2837 1002 2889 vetet
1015 2833 1078 2889 fieri
1091 2833 1195 2907 pudor.

323 2941 395 3022 Quo
420 2939 454 3006 in
476 2939 545 3008 loco
569 2939 672 3029 pudor
696 2962 760 3005 non
783 2949 849 3006 tarn
870 2939 1030 3006 hominum
1052 2948 1086 3007 et
1110 2941 1212 3019 somus,
1236 2963 1331 3029 quem
1351 2942 1437 3031 aequi

320 3051 355 3108 et
371 3040 454 3119 boni,
472 3048 529 3107 aut
545 3049 631 3106 certe
656 3039 723 3127 ejus
745 3040 830 3127 quod
847 3039 967 3126 aequius
990 3039 1162 3127 meliusque
1179 3050 1237 3118 est,
1255 3053 1436 3130 respectum

155 3157 308 3245 κῦφι
321 3140 485 3231 signifieat.
539 3140 590 3206 Sic
605 3139 638 3204 in
653 3140 675 3205 J
677 3139 858 3206 ustinioueis
874 3142 1143 3207 [restitutionibus
1158 3140 1314 3230 legimus:
1334 3145 1437 3227 fidei·

267 3231 274 3245 ’
320 3243 493 3310 commisse
510 3241 682 3329 appellate
701 3251 787 3316 sunt,
805 3242 888 3326 quie
908 3241 1000 3306 nullo
1022 3242 1154 3307 vinculo
1163 3243 1266 3326 juris,
1284 3245 1342 3311 sed
1358 3255 1437 3310 ten·

341 3525 481 3583 Came
500 3523 540 3580 X.
590 3523 741 3596 Warntnys
755 3525 1019 3597 concerninythiuys
1033 3524 1145 3579 domin
1158 3541 1198 3578 ort
1210 3524 1305 3597 enjust
1323 3524 1405 3580 Wer.

373 3663 398 3719 1.
437 3669 453 3719 1
477 3663 493 3719 I
507 3667 583 3718 must
596 3679 660 3718 now
671 3663 752 3718 trend
764 3662 838 3719 back
850 3681 899 3735 my
910 3670 996 3734 steps,
1007 3664 1064 3718 and
1079 3664 1146 3719 tuke
1159 3663 1235 3719 from
1248 3661 1437 3734 belligerents

206 3783 209 3789 ·
232 3777 234 3781 >
318 3749 419 3823 nearly
434 3750 481 3815 ull,
501 3749 593 3804 which
609 3750 625 3804 I
643 3749 716 3804 huss
736 3750 902 3806 seemed-to
923 3757 1008 3820 grant
1027 3750 1122 3814 them3
1144 3749 1201 3804 and
1218 3755 1267 3821 yet
1284 3747 1358 3804 bare
1380 3756 1436 3805 not

319 3837 409 3910 really
420 3837 558 3908 granted,
578 3835 624 3891 sor
644 3835 725 3890 when
740 3836 756 3890 I
771 3837 863 3908 begnn
879 3843 909 3890 to
924 3836 1037 3907 exploIn
1058 3835 1115 3891 this
1131 3841 1196 3907 port
1208 3835 1242 3891 of
1255 3834 1306 3890 the
1319 3836 1388 3889 Low
1402 3837 1441 3892 of

318 3923 450 3988 Nations,
468 3922 484 3976 I
501 3923 624 3978 testified
644 3922 707 3978 thot
723 3940 810 3995 many
824 3922 919 3994 things
936 3916 1086 3976 woro'soid
1098 3934 1129 3976 to
1143 3922 1180 3977 bs
1196 3923 1258 3986 loro,
1277 3937 1311 3976 or
1324 3921 1438 3996 lewsesl,

319 4008 441 4065 beccum
458 4009 527 4081 they
546 4025 595 4064 ore
616 4008 690 4063 done
712 4008 780 4063 with
798 4011 958 4081 impunity;
975 4010 1070 4081 partly
1083 4009 1153 4072 also,
1168 4009 1290 4064 because
1304 4009 1436 4066 coactive

315 4095 520 4167 judgmentsof
526 4095 664 4150 tribunsls
673 4096 886 4151 accommodate
899 4095 974 4150 their
983 4095 1128 4167 authority
1137 4102 1166 4150 to
1177 4096 1270 4151 them:
1286 4093 1370 4149 while
1382 4094 1437 4152 the

319 4181 414 4254 things
438 4180 607 4238 themselves
629 4180 721 4237 either
744 4182 857 4237 desiste
879 4182 955 4237 from
979 4182 1028 4236 tho
1046 4182 1108 4237 rulo
1130 4182 1164 4237 ot*
1187 4181 1272 4252 right,
1289 4179 1437 4247 (whether

319 4267 383 4323 that
401 4269 463 4324 rulo
480 4268 517 4324 be
539 4268 685 4340 regulated
702 4267 740 4340 by
754 4269 836 4324 strict
850 4269 963 4340 justice,
984 4285 1017 4323 or
1035 4268 1073 4339 by
1086 4268 1136 4322 the
1150 4275 1281 4340 precepts
1301 4267 1335 4323 of
1346 4269 1437 4325 other

318 4352 445 4421 virtues)
461 4371 494 4410 or
507 4361 538 4410 ot
552 4355 633 4420 least,
648 4373 712 4427 moy
726 4372 807 4411 urere
819 4356 994 4428 righteeusly
1006 4355 1063 4409 and
1075 4355 1209 4427 lnudnbly
1224 4355 1259 4409 be
1272 4356 1402 4413 omitted

374 4448 392 4496 2
413 4441 466 4496 We
484 4440 556 4496 hore
576 4442 656 4498 often
676 4443 778 4513 pudor,
795 4444 895 4509 shore,
916 4443 1044 4498 referred
1063 4448 1094 4497 to
1109 4460 1140 4496 ns
1155 4442 1333 4515 modereting
1350 4445 1437 4501 strict

318 4527 425 4601 rights:
445 4529 538 4602 pudor
550 4530 691 4602 nresuing,
702 4537 753 4586 not
765 4546 797 4586 so
813 4529 899 4585 much
910 4529 1039 4602 erogerd
1051 4535 1081 4586 to
1094 4530 1257 4602 reputetion
1269 4529 1327 4586 end
1342 4525 1436 4589 men's
