3192 5334
310 382 376 448 tlt
578 390 937 449 TEMPERAMENTUM
958 391 1074 449 cutes
1094 390 1114 446 J
1117 390 1166 448 US
1281 387 1359 461 [1:11³.
1370 387 1435 445 ΙΙΙ.

308 569 363 626 -ter
380 557 598 626 vindicandum
614 557 807 636 admiserint,
824 567 881 626 aut
894 558 996 626 virilia
1013 557 1113 624 officia
1125 565 1158 624 et
1170 555 1253 643 ipsoe'
1261 563 1433 642 usurpent.

147 674 288 718 stram
312 660 373 726 Est
395 659 488 737 enim,
513 669 550 727 ut
568 660 691 728 Statius
711 658 861 746 loquitur,
882 683 978 728 amus
1001 661 1100 726 rudae
1121 659 1306 740 inscitusque
1319 656 1433 740 ferri.

312 759 432 826 Neroni
446 760 571 835 hostem
581 761 705 829 vocanti
721 759 887 828 Octaviam
899 760 933 827 in
946 758 1102 852 tragoedia
1115 755 1242 846 reponit
1255 755 1432 844 praet'ectus

312 861 409 948 (rere.
428 862 529 946 864):

617 961 756 1022 'Femina
768 964 824 1022 hoo
838 982 943 1022 nomen
957 965 1051 1038 capit?

146 1081 271 1123 tran-u.
310 1063 492 1131 Alexander
508 1063 594 1151 apud
612 1063 776 1133 Curtium:
795 1089 868 1134 cum
886 1069 1030 1154 captivis
1041 1067 1218 1154 etseminis
1232 1084 1344 1150 qnare
1361 1063 1430 1147 bel-

312 1165 381 1232 lum
396 1187 461 1231 aon
476 1166 583 1232 soleo:
605 1180 761 1234 armatus
776 1171 822 1235 ait
838 1180 972 1254 oportet,
990 1190 1083 1254 quem
1098 1169 1233 1234 oderim
1268 1162 1429 1251 Gryphus

147 1277 298 1320 mamm
310 1264 397 1352 apud
412 1265 594 1332 Justinum:
617 1289 642 1331 a
657 1269 749 1334 nullo
765 1291 915 1354 unquam
934 1269 1099 1352 majorum
1117 1289 1251 1333 suorum
1270 1267 1359 1331 iuter
1376 1275 1428 1330 tot

310 1368 490 1433 domestica
509 1377 540 1430 et
557 1379 692 1431 aeterua
713 1367 798 1435 bello
815 1380 894 1453 poet
913 1369 1088 1434 cicadam
1103 1369 1141 1434 ia
1154 1368 1308 1453 scaminus
1329 1367 1428 1431 νωνί-

311 1478 390 1544 tum,
404 1487 489 1553 φναν
499 1483 595 1530 sacua
604 1467 677 1550 ipae
692 1478 723 1532 et
731 1469 893 1552 periculis
905 1469 1059 1534 bellorum
1069 1480 1100 1534 et
1113 1469 1249 1534 saeida
1261 1466 1428 1531 victorum

309 1568 442 1634 mmet.
481 1563 578 1651 Apud
594 1564 738 1630 Tacitum
757 1566 858 1632 alius:
884 1590 988 1654 neque
1007 1567 1331 1652 adeerauesemiaaa,
1348 1564 1428 1631 ‘ced

304 1667 426 1754 palam
443 1667 605 1732 aduersus
621 1679 770 1734 armatos
787 1668 907 1733 bellum
923 1690 957 1734 ee
974 1679 1130 1734 tractare.

145 1786 256 1826 marn
372 1770 395 1832 4
428 1764 575 1833 Valerius
592 1765 750 1832 Maximus
766 1766 902 1832 Munatii
920 1765 1024 1832 Flacci
1040 1768 1074 1832 in
1091 1767 1226 1833 infantes
1242 1771 1276 1832 et
1288 1762 1427 1830 feminas

219 1942 221 1947 ¹
309 1866 473 1932 efferatam
497 1874 589 1932 uocat
613 1866 841 1940 crudelitatem,
867 1873 901 1931 et
927 1866 1038 1932 auditu
1062 1867 1158 1934 etiam
1182 1864 1424 1932 intolerabilem.

145 1973 280 2020 livild·
308 1966 410 2054 Apud
426 1963 601 2032 Diodorum
623 1965 899 2054 Carthaginienses
922 1963 1086 2032 Selinunte
1099 1976 1273 2033 narrantur
1292 1964 1425 2031 interfe-

309 2065 388 2132 cisse
404 2087 504 2142 seneS,
522 2065 662 2142 feminae,
681 2065 827 2140 infantae,
843 2057 996 2142 oddeuiav
1013 2063 1218 2147 συμπάθειαν
1232 2060 1424 2150 λαμβάνον·

143 2186 286 2229 nasitus.
309 2195 376 2242 τες,
399 2169 469 2233 siue
486 2168 706 2233 demorsitatis
723 2169 854 2252 effectu.
902 2167 947 2231 Et
963 2165 1038 2231 alibi
1060 2166 1119 2231 hoc
1135 2166 1236 2254 ipsum
1258 2161 1422 2245 ὠμότητα

143 2294 282 2335 enarres
308 2267 536 2334 crudelitatem
552 2275 651 2332 uocet.
699 2266 831 2331 Latinus
854 2267 990 2332 Pacatus
1010 2265 1051 2332 de
1072 2265 1212 2333 seminis:
1237 2288 1342 2344 cerua
1365 2268 1424 2332 cui

143 2341 205 2438 daha
215 2398 286 2438 aaa
308 2367 394 2434 bella
404 2379 561 2454 parcunt.
614 2365 721 2433 Simile
737 2365 862 2452 Papinii
877 2366 917 2430 de
933 2364 1059 2431 senibus
1076 2364 1330 2454 pronuntiatum:

745 2486 842 2543 Nullis
856 2486 996 2542 violabilis
1010 2486 1096 2542 mmis

615 2573 714 2631 Turba
727 2589 818 2630 senes.

350 2718 477 2768 tFeraiaa
495 2720 541 2768 doc
557 2733 639 2766 amaea
657 2717 754 2779 copitl]
779 2718 840 2766 Ideo
932 2727 943 2755 ¹
959 2717 1067 2783 Colleos‘o
1082 2717 1267 2781 prophetarum]
1294 2718 1424 2781 Hyreanas

307 2795 391 2844 Tucca
408 2801 434 2844 et
452 2796 533 2844 Varus
552 2795 667 2842 delendos
682 2809 797 2841 censuere
814 2795 840 2841 in
889 2794 1056 2858 Hierosolyma
1069 2795 1181 2843 obsidens
1190 2795 1299 2842 uictimas
1312 2796 1345 2842 ad
1358 2801 1423 2842 tem·

308 2870 415 2918 nonnus
430 2869 537 2918 maeres
552 2860 644 2926 versus,
663 2870 705 2916 uui
722 2870 841 2916 deliberat
888 2868 956 2928 prum
971 2869 1046 2925 meet,
1062 2871 1216 2917 nemnem
1231 2870 1351 2917 neuma.
1382 2871 1423 2918 sie

307 2944 410 2999 Encas,
420 2959 452 2992 an
465 2945 583 2993 Helenam
596 2945 698 2992 occidat.
720 2943 759 3006 [A
769 2959 841 2993 versu
889 2950 915 2993 ct
926 2945 1013 2992 Gottbl
1026 2947 1156 2993 laudantur
1165 2947 1285 3007 Procopio
1297 2945 1423 2994 Gottlico·

306 3020 361 3070 eet.
372 3021 405 3067 ad
418 3020 483 3080 688]
888 3034 943 3067 rum
955 3033 985 3066 ιι.
1001 3020 1064 3082 (cap.
1076 3023 1102 3079 4)
1117 3022 1159 3081 qui
1173 3022 1339 3068 sacerdotibus
1354 3022 1423 3070 Petri

351 3095 363 3124 ⁴
377 3096 424 3143 Est
433 3096 500 3156 apud
512 3095 634 3142 Taetrum
642 3110 650 3142 a
658 3094 768 3156 feminac
781 3109 841 3157 qra-
889 3095 1170 3143 etPeuliaxtraRomam
1179 3103 1347 3158 pepercerunt.
1357 3098 1423 3146 Vide

307 3169 389 3220 cidus.
419 3170 509 3218 eund.
526 3170 581 3217 Lib.
604 3183 622 3217 ι.
642 3183 696 3231 cap.
716 3170 755 3220 59.
772 3184 798 3217 n.
814 3173 838 3219 A.
888 3171 1080 3219 additamentum
1096 3173 1178 3221 Caroli
1194 3173 1280 3234 Magni
1300 3175 1424 3236 addeceat

306 3245 380 3296 aa,
887 3246 1425 3314 mammonamaoqmnawa

307 3473 338 3528 in
348 3472 478 3538 Women,
489 3472 603 3546 (except
614 3472 683 3547 they
691 3473 763 3529 hare
772 3474 904 3531 incurred
918 3473 1101 3547 punishment
1108 3474 1148 3548 by
1155 3491 1234 3532 some
1246 3478 1353 3549 special
1364 3486 1423 3548 act,
1488 3540 1490 3543 ,

307 3574 342 3615 οι·
361 3559 492 3616 assumed
505 3561 659 3616 masculine
678 3558 793 3626 offices).
831 3561 890 3617 For
906 3561 956 3618 the
971 3579 1021 3618 aex
1038 3563 1063 3617 is
1078 3563 1152 3619 unfit
1170 3562 1216 3618 for
1233 3580 1323 3619 arms:
1346 3565 1422 3622 Doea

306 3663 401 3719 memy
422 3647 508 3719 apply
528 3657 555 3702 to
571 3649 693 3702 women?
715 3648 738 3702 is
757 3647 844 3702 asked
863 3648 894 3703 in
912 3647 963 3705 the
984 3649 1113 3720 tragedy.
1152 3650 1191 3704 So
1210 3649 1372 3706 Alexander
1388 3654 1421 3708 in

308 3733 440 3798 Curtius3
462 3733 596 3804 Gryphus
611 3734 641 3786 in
658 3734 771 3798 Justin;
793 3733 850 3788 aad
866 3735 987 3790 another
1006 3737 1036 3790 in
1051 3737 1174 3800 Tacitus,
1191 3753 1273 3806 aeque
1291 3738 1422 3795 aevaeo

299 3819 438 3894 scaniam:
455 3814 521 3889 [but
533 3820 556 3874 it
568 3820 592 3874 ie
602 3821 726 3890 sominae
738 3821 870 3892 yravidaa
881 3822 912 3875 in
923 3821 973 3876 the
984 3838 1110 3893 passage.
1146 3824 1176 3877 J.
1190 3817 1241 3892 B.]

362 3911 381 3960 4
403 3904 532 3960 Valerius
553 3907 654 3978 speaks
676 3907 710 3961 of
724 3907 777 3962 'tho
795 3923 897 3978 sarage
912 3908 1022 3980 cruelty
1042 3909 1076 3963 ol
1092 3909 1239 3964 Munatius
1252 3909 1370 3967 Flaccus
1387 3918 1421 3970 to

305 3981 416 4046 women
438 3991 495 4046 und
514 3992 650 4058 children,
667 3994 836 4049 intolerablc
854 4001 885 4048 to
904 3993 974 4049 hear
996 3996 1035 4051 of.
1074 3996 1113 4051 So
1132 3995 1182 4051 the
1200 3995 1420 4069 Carthaginiane

305 4094 355 4135 are
369 4078 430 4134 said
442 4085 473 4134 to
488 4078 560 4135 hare
575 4087 628 4151 put
640 4087 671 4136 to
683 4081 771 4136 death
785 4080 834 4135 old
847 4097 921 4145 men,
933 4098 1051 4146 women,
1064 4082 1203 4147 children,
1219 4083 1332 4138 auittout
1344 4087 1420 4157 secl·

304 4163 363 4236 ino.
397 4165 465 4220 This
480 4166 504 4221 ie
518 4166 629 4237 cratelty.
666 4167 706 4222 So
718 4169 841 4222 Pacatus
852 4167 909 4221 and
921 4168 1065 4239 Papinius.

355 4250 396 4306 X.
436 4257 451 4306 1
475 4250 536 4307 Tho
550 4269 628 4328 earne
641 4253 702 4310 rule
717 4256 741 4309 is
756 4261 786 4309 to
799 4254 835 4309 be
850 4253 908 4308 laid
921 4253 1004 4308 down
1018 4255 1173 4329 generally,
1189 4255 1313 4312 sorllen
1324 4256 1420 4315 whose

302 4333 374 4390 kind
385 4335 420 4391 of
431 4337 481 4392 life
495 4339 690 4411 isrepugnant
703 4348 733 4394 to
746 4357 831 4394 arms.
869 4340 1015 4412 Stauylrtcr
1029 4345 1065 4415 ⁰f
1073 4361 1134 4396 mea
1146 4344 1242 4397 armcd
1256 4344 1314 4397 arad
1327 4347 1418 4400 resist-

302 4423 351 4494 iao
362 4424 386 4478 ia
398 4424 438 4479 tle
448 4425 502 4480 lew
515 4428 628 4499 (astoer,
639 4443 702 4498 says
715 4427 803 4498 Lim
816 4426 878 4482 that
893 4428 926 4490 is,
938 4427 976 4499 by
989 4428 1110 4483 Natural
1122 4430 1197 4485 Low.
1224 4431 1263 4485 So
1275 4429 1419 4504 Josephus

302 4525 376 4581 says,
390 4508 453 4566 thet
473 4512 496 4566 it
516 4513 540 4566 is
560 4513 727 4568 reasonable
739 4513 803 4568 that
818 4512 887 4585 thoy
905 4514 967 4569 who
982 4513 1055 4569 haro
1073 4516 1160 4571 taken
1172 4534 1248 4571 arms
1265 4517 1368 4573 should
1382 4520 1419 4576 bo

302 4595 444 4670 punishod
455 4598 484 4654 in
497 4598 595 4666 battle,
611 4599 662 4656 but
679 4600 741 4656 that
754 4601 1012 4658 Nora-combatants
1026 4619 1076 4659 aro
1090 4610 1142 4660 not
1157 4610 1186 4661 to
1203 4604 1239 4662 bo
1253 4603 1331 4661 hurt.
1378 4607 1419 4663 So
