3192 5334
332 593 399 663 276
640 601 999 659 TEMPERAMENTUM
1020 598 1137 657 01ssch
1303 596 1382 668 [latu.
1395 600 1452 658 nt

330 767 475 837 meliores
498 763 727 856 amplioresque
751 766 903 844 facerent,
928 759 996 834 ¹‘ita
1022 762 1209 843 emendavit,
1236 773 1390 852 precatus
1414 773 1452 833 ut

331 889 386 936 eas
398 874 553 956 perpetuo
568 866 736 933 incolumes
753 875 928 933 seruarent

256 967 258 970 ’
406 967 501 1036 VIII.
543 964 782 1041 Laccdaemonii,
801 975 834 1032 et
850 964 938 1032 initio
956 964 1174 1044 Athenienses,
1193 964 1226 1031 in
1242 971 1354 1052 captas
1371 962 1451 1030 ciri-

330 1072 414 1134 tatcs
429 1064 548 1132 nullum
564 1064 624 1132 sibi
645 1064 845 1131 vindicabant
861 1064 1045 1152 imperium:
1067 1073 1191 1132 tantum
1212 1085 1267 1132 eas
1282 1063 1451 1150 republica

331 1165 379 1233 uti
394 1163 543 1232 volebant
558 1163 600 1228 ad
617 1185 705 1230 suum
722 1164 964 1241 accommodata,
987 1164 1215 1231 Lacedaemonii
1236 1161 1365 1252 quidem
1388 1164 1449 1229 sub

267 1286 317 1327 ιιι.
331 1264 505 1352 primorum
524 1263 675 1349 potentia,
698 1264 907 1330 Athenienses
928 1266 987 1330 sub
1007 1255 1138 1331 arbitrio
1161 1263 1276 1353 populi,
1299 1270 1336 1328 ut
1357 1261 1450 1328 Thu-

165 1333 291 1466 iffi'pu
311 1359 472 1454 'epdidea
497 1363 660 1440 Isocrates,
683 1363 912 1430 Demosthenes
934 1385 991 1429 nos
1013 1364 1134 1441 docent,
1158 1364 1225 1451 ipse
1239 1362 1334 1430 etiam
1353 1362 1451 1429 Aris-

165 1434 314 1557 wit„
332 1463 444 1531 totelcs
469 1462 575 1550 quarti
601 1463 652 1528 de¹
666 1463 827 1549 republica
851 1463 953 1551 capite
976 1485 1023 1529 xr.
1058 1470 1091 1529 et
1124 1463 1224 1550 quinti
1244 1483 1302 1529 vu.
1351 1463 1451 1542 Quod

165 1571 296 1656 {hm
332 1563 434 1652 ipsum
459 1562 493 1628 in
522 1561 673 1629 comoedia
703 1561 748 1628 sic
780 1571 872 1630 notat
900 1562 1081 1629 Heniochus
1113 1562 1237 1629 illorum
1266 1570 1452 1651 temporum

240 1655 271 1694 ⁴*
332 1662 487 1750 scriptor:

411 1785 414 1789 ⁴
551 1766 657 1822 luentes
674 1764 698 1820 δ’
715 1764 795 1823 utris
812 1763 851 1821 δυ’
868 1764 1037 1838 &minuis
1053 1787 1115 1829 τιντ,

549 1849 599 1908 ‘Asi
619 1855 758 1908 συνοῦσαι.
793 1852 951 1924 δημοκρατία
972 1851 1068 1924 θατέρᾳ

545 1937 639 2008 'orep’
661 1938 729 2004 ι’στὶ,
749 1941 780 2008 τῇ
803 1937 826 1992 δ’
843 1937 1030 2010 ἀριστοκρατία
1051 1938 1156 2009 θατέρᾳ,

550 2022 591 2080 Δι’
608 2020 640 2081 cis
659 2023 877 2098 πεποριρνὴκοσιν
897 2023 947 2093 ἤδη
963 2023 1101 2080 πολλάκις.
1211 2087 1214 2093 ,

549 2145 625 2211 Tum
638 2144 758 2217 gemina
772 2145 811 2200 ad
824 2145 886 2200 illas
901 2151 1080 2200 accesserunt
1094 2143 1229 2199 mulieres

550 2231 621 2296 Qum
635 2237 739 2286 cuncta
752 2231 975 2287 conturbarunt:
999 2231 1174 2302 optImatitaa

550 2317 604 2374 Est
617 2333 722 2372 nomen
736 2317 828 2382 alteri,
841 2318 925 2373 alteri
938 2317 1122 2389 popularitas,

552 2403 680 2468 Quarum
693 2403 815 2459 incitatu
828 2403 939 2476 pridem
953 2409 1107 2459 externata
1120 2401 1246 2458 fuerunt

168 2537 262 2580 mu
271 2538 303 2579 a
333 2516 442 2584 Simile
458 2518 608 2604 estquod
625 2517 755 2585 Tacitus
771 2520 813 2585 ab
830 2520 994 2586 Artabano
1009 2528 1120 2586 narrat
1137 2517 1288 2586 Seleucia
1305 2519 1428 2584 iactum
1443 2544 1452 2586 τ

329 2619 455 2704 plebem
465 2621 671 2706 primoribus
688 2620 844 2697 tradidit,
861 2618 972 2707 inquit,
989 2643 1029 2687 ec·
1050 2641 1109 2687 τιον
1124 2641 1212 2686 usu:
1236 2640 1316 2684 nam
1324 2621 1452 2704 populi

377 2798 391 2836 ἱ
408 2801 448 2850 ua
459 2801 600 2864 emendarit]
616 2802 700 2850 Utitur
709 2803 754 2849 hac
764 2802 866 2849 historia
911 2805 994 2850 nmen
1009 2804 1085 2851 rerba
1098 2803 1178 2864 prima
1191 2803 1263 2849 aliter
1275 2815 1328 2849 sess
1344 2801 1451 2863 hbent,

334 2874 482 2924 Claudianus
498 2874 613 2924 Julianus
627 2877 712 2924 consul
726 2878 751 2924 in
761 2877 866 2938 epistola
913 2878 1111 2925 Auctorsnostro
1117 2877 1450 2927 memoriterillaadisrcutc.

333 2950 511 3012 &Pupienum
523 2953 692 3000 etBalbiuunr.
718 2951 864 3014 (Capitolio.
912 2952 993 3014 Mt]

331 3027 359 3075 iu
373 3027 476 3075 uuam.
489 3033 515 3076 st
525 3028 621 3075 Balbin.
636 3042 657 3077 c.
668 3027 720 3088 17.)
751 3028 865 3076 Imitatus
958 3028 969 3059 ¹
983 3029 1104 3090 Intelligit
1118 3031 1214 3076 Auctor
1226 3034 1311 3076 noster
1324 3028 1361 3076 vd
1373 3029 1450 3078 Ἀτο-

331 3103 461 3165 Angustus
471 3103 514 3164 qui
521 3102 601 3150 Dione
611 3108 732 3162 amante,
743 3104 865 3164 ἐπῃνεῖτο
912 3103 1105 3163 μνημονεύματα
1116 3103 1263 3150 Μουσωνίου
1273 3102 1321 3149 τοῦ
1332 3102 1449 3162 φιλοσό-

333 3177 376 3239 ὃφ·
390 3179 428 3227 eir
443 3180 487 3227 οὐκ
501 3178 573 3240 ιῖξῖον
588 3178 676 3239 ’ἔτερόν
691 3197 719 3224 τι
732 3178 866 3238 σροσκτιί·
914 3185 973 3239 pou,
983 3178 1073 3238 scripta
1080 3193 1096 3225 a
1105 3178 1229 3236 Polli0u03
1244 3178 1375 3240 dequibus
1385 3181 1449 3227 Sur·

333 3254 436 3313 σοσθοι,
455 3254 516 3303 ἀλλ’
532 3255 641 3315 ἀκριβῶν
658 3253 791 3314 ἀρκεῖσθαι
811 3259 867 3302 τοῖς
913 3267 971 3311 uas,
991 3267 1050 3300 voce
1070 3253 1200 3301 Πολλίων.
1234 3254 1299 3301 vide
1318 3254 1449 3315 Joumuur,

334 3328 493 3392 ὑπάρχουσιν
502 3330 620 3377 ἐδικαίου·
636 3330 749 3376 laudatus
759 3334 793 3376 ert
802 3330 868 3390 quod
914 3329 955 3376 De
972 3328 1136 3388 scriptoribus
1152 3328 1218 3376 Risu
1236 3329 1331 3376 Philus.
1352 3343 1396 3378 ut.
1420 3336 1446 3381 7.

332 3405 460 3452 nititnooi
469 3406 595 3466 acquirere
603 3406 688 3464 uoluit,
702 3404 866 3466 mquoejum
915 3405 986 3453 Unde
1007 3410 1089 3452 antem
1105 3404 1209 3466 petitum
1229 3406 1262 3452 sit
1279 3404 1448 3468 segmentum

334 3481 481 3530 habebatur
489 3481 598 3544 sufficere
606 3481 790 3529 esturbitrutur.
800 3481 866 3542 [Lib.
914 3480 979 3526 tilius
990 3479 1086 3539 Operis,
1100 3480 1126 3526 in
1138 3493 1188 3540 quo
1200 3481 1274 3527 verbs
1287 3482 1319 3528 ab
1333 3483 1448 3533 Auctore

334 3569 395 3605 urr.
415 3571 473 3619 pag.
484 3557 530 3607 tut
546 3569 571 3606 ο.
598 3555 649 3604 Ed.
668 3555 704 3604 Η.
722 3555 803 3618 Stept.
824 3557 867 3603 ubi
915 3555 1270 3616 uostrcsdtatscxtantquum
1280 3556 1448 3620 measurg-

390 3805 471 3862 VIII.
508 3803 571 3862 Tho
590 3803 848 3868 Lacedaemonium,
869 3803 927 3858 and
949 3809 979 3859 at
997 3803 1060 3858 first
1078 3802 1129 3859 the
1142 3800 1308 3868 Atheniens,
1322 3803 1446 3861 claimed

334 3909 373 3948 no
393 3891 539 3965 authority
560 3907 628 3946 orer
645 3889 694 3946 the
715 3891 795 3946 cities
819 3887 909 3944 which
932 3888 1001 3963 they
1019 3889 1077 3943 hod
1096 3889 1270 3961 conquered:
1291 3889 1361 3963 only
1375 3891 1447 3965 they

210 4017 227 4041 „
333 3977 466 4050 required
481 3977 560 4033 them
574 3985 605 4033 tc
619 3975 690 4033 hare
705 3993 724 4031 u
738 3976 923 4031 constitution
936 3974 994 4030 like
1009 3974 1084 4030 their
1101 3991 1163 4030 own
1171 3995 1180 4041 ;
1198 3975 1248 4031 the
1262 3975 1446 4034 Lacedaemo·

233 4054 242 4061 '¹
333 4065 425 4128 uiuus,
442 4080 481 4118 an
497 4065 676 4133 aristocracp,
690 4061 740 4117 the
755 4061 921 4126 Atheniens,
938 4079 957 4116 a
976 4061 1151 4134 democracy‚
1164 4079 1196 4118 us
1212 4079 1255 4118 wo
1273 4063 1354 4118 leam
1368 4064 1446 4120 fnom

335 4149 524 4224 Thucydides,
541 4149 688 4211 Isocrates,
710 4147 926 4212 Demosthenes,
949 4147 1006 4202 and
1029 4148 1174 4205 Aristotle.
1215 4149 1257 4205 Of
1279 4149 1361 4206 these
1388 4157 1446 4207 tuo

335 4237 496 4294 characters
518 4234 579 4289 who
595 4234 756 4306 constantly
775 4234 924 4290 disturbcd
942 4235 1059 4299 Graece,
1072 4235 1251 4308 Aristocracy
1264 4237 1321 4290 oud
1336 4237 1446 4293 Demo·

334 4339 427 4396 cracy,
439 4339 477 4378 au
490 4320 540 4379 old
554 4321 710 4384 comedian,
722 4320 894 4386 Heniochus,
902 4321 1011 4394 speaks,
1023 4339 1054 4376 as
1069 4338 1188 4378 women.
1216 4324 1255 4376 So
1272 4322 1446 4388 Artabanus,

333 4409 366 4464 in
389 4410 513 4474 Tacitus,
535 4406 707 4465 established
728 4423 766 4462 un
788 4409 960 4480 aristocracy
978 4413 1009 4462 at
1032 4408 1169 4463 Seleucia.
1211 4407 1351 4464 Whether
1374 4409 1446 4466 such

334 4493 456 4567 changes
480 4494 537 4551 add
559 4500 590 4549 tc
608 4493 657 4549 tho
680 4493 791 4549 victur's
809 4497 941 4568 security,
958 4496 983 4550 is
1000 4501 1052 4550 not
1074 4512 1092 4549 a
1114 4499 1220 4549 matter
1235 4493 1281 4549 for
1303 4511 1357 4550 our
1377 4513 1447 4553 con·

335 4581 498 4639 sideratiou.

389 4668 444 4724 IX.
481 4669 517 4725 In
531 4665 581 4723 the
595 4682 673 4723 casos
687 4667 718 4722 iu
731 4667 823 4726 which
835 4669 858 4724 it
869 4669 893 4724 is
905 4674 956 4725 uot
968 4667 1028 4724 sate
1040 4673 1070 4723 to
1082 4667 1194 4723 abstain
1205 4667 1280 4722 from
1292 4668 1330 4723 all
1342 4668 1447 4727 autho·

332 4754 390 4830 ritp
401 4772 470 4814 orer
484 4755 533 4814 the
549 4754 718 4828 conquerod,
733 4755 791 4812 still
812 4755 861 4813 the
875 4759 990 4830 portion
1004 4755 1135 4812 assumed
1153 4772 1216 4828 may
1229 4754 1266 4811 be
1282 4755 1403 4824 limited,
1413 4773 1447 4814 so
