3192 5334
162 614 230 671 Car.
247 608 316 684 III.]
422 613 613 680 Gtxrlmt,
635 613 704 669 m
727 614 779 669 DE
802 614 1045 674 lxmcrtoxa.
1237 608 1278 672 59

163 790 232 853 lum
257 788 374 854 allum
397 810 462 855 csse
473 790 618 874 justum,
642 789 711 854 aiei
734 790 827 874 quod
851 802 911 855 nrrt
935 791 1032 856 rebus
1053 791 1202 876 repetitis
1223 811 1278 877 pe-

161 902 271 965 retur,
289 902 350 955 aret
371 891 599 955 deriuatiutum
622 901 698 954 arete
718 891 764 954 sit
787 902 817 954 ct
840 891 1014 956 indictum.
1061 891 1168 956 Minus
1184 889 1277 979 plene

162 998 253 1054 vetus
279 989 413 1076 scriptor
438 990 523 1077 opud
551 989 725 1055 Isidorum:
743 989 874 1072 jarem
904 992 1023 1055 bellium
1049 1003 1098 1058 eat
1124 994 1212 1077 quood
1235 1003 1423 1058 eruhuit!-

161 1091 267 1155 edicto
290 1092 432 1176 peritur,
459 1091 554 1155 rebus
577 1091 725 1175 repetitis
749 1103 811 1153 aut
838 1092 1144 1176 propulsandorum
1173 1091 1276 1157 lomi·

161 1213 241 1254 aum
268 1213 380 1256 eausa.
434 1189 486 1254 Sic
513 1188 621 1254 Lirius
651 1188 765 1254 bollum
790 1190 894 1275 palam
920 1198 954 1255 et
977 1211 1018 1255 cr
1041 1190 1142 1257 edicto
1161 1204 1392 1280 gereremu-

161 1289 302 1366 dixit,.in
316 1289 393 1375 justi
411 1288 483 1354 belli
504 1287 720 1375 descriptione.
767 1289 897 1353 Etcum
915 1299 1075 1356 narrasset
1090 1292 1275 1358 Acarnanas
1286 1298 1438 1341 ”mm

161 1411 275 1478 agrum
292 1389 432 1455 Atticum
449 1409 516 1453 esse
532 1388 716 1475 populatos:
733 1391 886 1454 irritatio
902 1391 1089 1456 animorum
1105 1413 1145 1456 en
1156 1393 1276 1477 prim

151 1491 255 1572 fuit:
275 1501 393 1576 postea
410 1488 543 1573 justum
567 1489 684 1556 bellarm
707 1491 847 1556 decretis
870 1491 1045 1556 civitatum
1070 1492 1160 1558 ultro
1186 1492 1275 1557 indi-

161 1590 261 1656 cordo
274 1591 420 1675 sactum.

239 1691 297 1756 Vl.
346 1690 365 1755 1
403 1690 483 1767 Quae
504 1687 573 1754 loca
596 1687 710 1756 etalio
729 1687 770 1755 de
787 1688 862 1755 belli
879 1688 1131 1780 promulgatione
1146 1687 1277 1778 agentia

161 1797 199 1854 ut
217 1788 442 1878 intelligantur,
465 1797 612 1854 accurate
633 1788 857 1878 distinguenda
876 1799 950 1857 sunt
971 1811 1043 1876 quae
1057 1789 1132 1877 jure
1151 1797 1277 1855 natura

161 1889 327 1964 debentur,
353 1911 424 1974 quae
446 1898 562 1953 natura
585 1910 648 1953 non
674 1888 830 1954 debentur
854 1889 911 1956 sed
936 1891 1067 1955 honesta
1092 1895 1176 1964 sunt,
1204 1908 1277 1975 qua

157 1988 232 2076 jure
254 1988 394 2078 gentium
419 1987 624 2074 requiruntur
646 1989 687 2052 ad
713 1989 843 2054 effectus
862 1989 945 2075 juris
965 1988 1105 2078 gentium
1120 1987 1275 2076 proprios,

161 2097 195 2154 et
211 2111 284 2176 quae
301 2096 457 2177 praterea
477 2109 518 2154 ex
541 2086 750 2177 peculiaribus
771 2090 957 2178 populorum
977 2089 1174 2177 quorundam
1188 2085 1277 2156 insti·

161 2189 239 2255 tutis
256 2189 395 2257 veniunt.

237 2289 385 2355 Naturali
406 2286 490 2375 jure,
507 2287 562 2354 ubi
587 2297 644 2355 aut
667 2287 715 2353 ris
739 2287 827 2353 illata
850 2295 986 2366 arcetur,
1009 2297 1066 2355 aut
1087 2289 1129 2354 ab
1149 2310 1187 2355 eo
1207 2287 1276 2378 ipso

161 2388 217 2477 qui
233 2388 365 2476 deliquit
381 2409 473 2476 poena
490 2388 678 2474 deposcitur,
696 2387 783 2452 nulla
798 2387 972 2473 requiritur
988 2386 1191 2457 denuntiatio.
1233 2389 1278 2454 Et

160 2489 221 2554 hoo
246 2498 296 2556 est
320 2488 404 2574 quod
428 2487 647 2555 Sthenelaidas
671 2487 810 2574 ephorus
832 2486 908 2552 dicit
929 2480 1034 2575 ¹apud
1058 2487 1397 2577 Thucydidemnuara

163 2585 202 2658 ori
220 2582 317 2659 dicate
334 2581 408 2657 eride*
425 2583 545 2677 λόγοις
561 2578 727 2679 drarprrs'u
752 2582 798 2667 μή
824 2587 923 2675 λόγῳ
946 2584 998 2654 rai
1022 2582 1142 2658 urirnris
1157 2585 1278 2674 βλαπ·

161 2760 204 2795 nr.
222 2752 249 2796 et
265 2761 303 2795 rr.
336 2747 462 2808 (Libera
479 2745 572 2809 oapi.
597 2747 653 2796 Lib.
668 2760 694 2794 r.
789 2743 891 2805 *aad
903 2744 1280 2809 nucydsdenueenlrnrom.

161 2823 265 2884 apd.)
743 2822 769 2870 in
796 2821 966 2870 Pistorensium
991 2825 1114 2873 manner
1138 2825 1208 2872 rard
1230 2825 1279 2876 riu

206 2897 290 2946 ‘Non
304 2899 407 2956 Ennius,
420 2898 464 2945 red
479 2897 573 2955 Cicero,
585 2896 695 2957 prmi-
744 2896 812 2943 πᾶσι
831 2897 907 2954 νόμον
925 2897 1085 2954 καθεστῶτα,
1105 2899 1154 2948 τὸν
1167 2898 1278 2950 turrim

161 2981 222 3038 qaia
231 2976 323 3035 prelia
332 2976 402 3034 dicit,
419 2975 489 3023 Orat.
502 2988 549 3033 pro
559 2972 628 3020 Mur.
640 2985 694 3032 cap.
743 2971 868 3029 πολέμων
878 2972 950 3020 ὅσιον
958 2975 1023 3021 eluat
1031 2974 1179 3033 annectar·
1187 2975 1278 3036 exim

161 3054 199 3098 lt
211 3051 253 3097 nbi
264 3056 358 3112 partem
365 3050 494 3111 quamdam
500 3049 576 3095 refert
582 3060 694 3094 vennam
744 3047 813 3107 apud
820 3053 898 3108 pentes
907 3063 985 3095 mee
994 3055 1086 3110 recepto
1092 3051 1142 3111 sne
1150 3057 1185 3099 ert
1193 3065 1278 3102 mere

161 3126 251 3172 veteris
260 3125 351 3182 Poene,
365 3137 427 3184 qnos
439 3124 550 3184 integros
564 3121 633 3167 nobis
643 3133 694 3166 ser·
743 3136 795 3168 eura
809 3137 883 3182 aquo
897 3125 1016 3173 tendito
1027 3126 1170 3187 impetimur.
1199 3119 1277 3190 (Cup.

161 3201 228 3248 ravit
241 3203 308 3249 cun.
325 3194 693 3256 Gennrnalt'ort..lttic.1.ib.
743 3197 796 3258 ab.)
826 3197 958 3245 Flaminius
975 3202 1041 3262 rpnd
1056 3202 1192 3251 Diodorum
1207 3204 1277 3252 Sion.

160 3288 212 3324 xx.
222 3289 277 3338 ap.
285 3276 309 3326 9,
742 3270 794 3319 lum
809 3273 834 3319 in
849 3275 970 3336 excerptis
983 3276 1149 3338 Peiraeiaun,
1163 3278 1277 3344 drem-

160 3505 241 3560 and
233 3493 263 3560 rn
277 3504 347 3560 euch
357 3520 478 3558 manner
488 3504 614 3576 publicly
628 3503 757 3569 dcerced,
774 3503 838 3559 that
852 3506 1038 3563 sirnifieation
1050 3507 1085 3564 of
1099 3509 1162 3566 that
1175 3459 1312 3614 ἰαοῡιῦ

160 3544 1274 3669 mmmm.

161 3678 396 3750 ospromulpatcd
407 3695 488 3732 ware
519 3678 557 3731 So
573 3678 700 3742 Cicero,
693 3695 722 3731 rn
737 3677 781 3731 his
798 3678 896 3761 Oppone,
878 3696 974 3732 ears
989 3679 1052 3735 tbnt
1067 3659 1322 3913 bptbol'ecss
1316 3695 1327 3789 q

160 3765 238 3829 Lar,
248 3781 286 3819 no
299 3780 421 3818 werras
433 3765 489 3841 just
501 3771 602 3846 except
615 3781 669 3835 opp
681 3764 822 3836 pmppdpq
837 3765 872 3836 bg
884 3782 901 3818 a
914 3764 1036 3835 demand
1049 3766 1094 3822 t'or
1108 3784 1139 3823 re
1161 3786 1257 3835 rosso
1313 3819 1320 3844 ,

160 3850 537 3992 Ἣ.
575 3852 613 3904 So
625 3852 655 3905 in
670 3851 786 3907 isidoro.
825 3851 864 3906 So
876 3851 961 3923 Livy:
980 3851 1038 3907 and
1049 3853 1143 3910 where
1178 3873 1226 3912 on
1259 3887 1273 3903 ·

159 3943 261 3992 retest
282 3944 373 3991 atto
419 3954 451 3992 cn
525 3938 584 3992 iane
599 3937 706 3992 wanted
719 3937 824 4001 Attica,
837 3938 875 3994 be
889 3937 968 4004 adds,
988 3939 1052 3994 Tir's
1071 3959 1129 3996 war
1150 3944 1192 3998 tie
1206 3945 1274 4017 first

158 4024 301 4078 irritatior
312 4025 395 4098 ostie
408 4024 499 4078 miride
509 4024 592 4094 ostie
599 4025 722 4096 perticae
745 4025 910 4098 osterreurds
924 4043 943 4078 a
951 4027 1011 4098 just
1025 4045 1087 4081 aar
1097 4045 1155 4083 was
1166 4030 1276 4087 decreed

159 4111 219 4165 und
229 4110 353 4165 deelcred
364 4111 398 4182 by
412 4112 454 4165 tle
466 4118 555 4164 nterea

210 4196 263 4253 VI.
299 4203 315 4252 1
339 4197 374 4250 ln
384 4197 469 4252 order
480 4203 512 4251 to
523 4196 697 4252 understand
709 4195 790 4253 these
798 4214 931 4269 passages
942 4199 1171 4273 concerniugtlre
1178 4202 1274 4260 deela-

159 4283 255 4338 ration
278 4282 312 4338 of
339 4299 404 4349 rar,
427 4300 470 4338 we
488 4291 564 4340 must
583 4284 752 4356 distinguish
770 4283 846 4339 what
869 4286 892 4338 is
914 4285 989 4340 dono
1006 4285 1045 4357 by
1058 4287 1181 4344 Natural
1194 4290 1273 4355 Lair,

159 4370 218 4426 aad
233 4368 308 4423 what
320 4369 343 4424 is
358 4370 396 4441 by
410 4378 513 4426 nature
527 4379 579 4426 not
593 4373 658 4436 due,
670 4372 723 4427 but
737 4370 805 4441 only
819 4370 936 4425 decent:
956 4370 1032 4426 wirnt
1045 4373 1084 4444 by
1098 4374 1147 4432 the
1162 4376 1230 4432 Lair
1241 4376 1275 4432 of

159 4457 282 4513 Nations
293 4457 316 4510 is
330 4457 461 4528 required
472 4458 518 4512 sor
530 4458 580 4514 the
591 4460 667 4529 Jural
680 4458 777 4513 effecte
786 4456 820 4511 of
828 4457 891 4512 that
902 4457 978 4524 Lair,
988 4459 1044 4513 and
1057 4459 1140 4528 what,
1151 4462 1273 4530 besides,

159 4543 270 4607 follows
284 4542 359 4596 from
374 4543 424 4599 the
438 4545 564 4616 peculinr
578 4545 753 4600 institutione
768 4544 802 4598 of
812 4545 919 4598 certain
934 4545 1061 4617 peoplcs.

290 4630 395 4683 ’atural
407 4631 483 4696 Lau,
494 4632 576 4686 when
588 4631 681 4687 either
694 4629 823 4686 violence
837 4632 861 4685 is
877 4638 907 4684 to
921 4631 958 4685 bc
973 4631 1146 4699 resistetur
1176 4634 1272 4692 nnisb.

431 4725 511 4773 recte
566 4736 628 4774 rom
645 4736 717 4774 ano
740 4736 812 4773 cuc
903 4718 1076 4774 declaration
1090 4720 1114 4776 is
1127 4721 1271 4794 required.

159 4804 229 4861 This
247 4804 271 4860 is
293 4802 369 4859 what
389 4803 587 4862 Sthenelaidas
605 4813 618 4862 t
639 4824 655 4863 c
674 4805 774 4878 Ephor
787 4822 851 4879 says
865 4805 896 4861 in
910 4795 1274 4880 Thucydtffir‘li'i‘inse
