3192 5334
163 565 235 621 Can.
249 560 334 632 xit]
422 564 492 622 l'lil
513 565 566 621 DE
589 567 702 624 sams
723 569 930 637 Pscnoxe,
951 569 1035 627 Εῐῦ.
1219 564 1282 628 341

162 741 201 799 ut
217 740 386 799 serventur
400 733 502 800 rideri
518 735 635 804 debent
651 758 723 825 qua·
739 759 816 826 paee
833 738 1059 826 comprehensa
1072 745 1156 804 sunt
1187 736 1284 804 Boni·

162 843 214 900 tas
230 843 346 910 tamen
363 835 501 901 maxime
522 837 712 914 Christiana,
730 837 866 904 leuiores
882 839 999 924 culpas,
1015 838 1186 905 accedente
1200 859 1283 927 prm·

161 935 273 1001 sertim
288 935 483 1021 punitentia,
504 936 627 1003 facilius
651 939 851 1016 condonabit,
876 950 913 1004 nt
932 937 1010 1003 illud
1029 936 1132 1003 locum
1152 938 1280 1016 habat
1292 969 1422 1053 ees-mm

384 1063 478 1127 Quem
492 1067 614 1136 poenitct
628 1083 769 1139 peccasse,
783 1084 866 1140 piene
880 1076 924 1122 est
938 1067 1084 1122 innocens.
1294 1027 1314 1056 ι

164 1171 230 1238 Sed
248 1194 310 1259 quo
326 1172 428 1260 magis
443 1172 513 1259 poci
530 1185 692 1251 careatur,
707 1175 883 1240 consultum
901 1173 963 1241 erit
979 1179 1037 1240 ¹*ut
1052 1172 1207 1262 capitibus
1222 1172 1278 1239 mi·

162 1273 250 1338 noris
268 1271 415 1337 momenti
436 1271 613 1358 adjiciatur,
634 1284 672 1340 nt
692 1274 718 1339 si
740 1275 817 1362 quid
839 1275 991 1340 adsersus
1012 1297 1052 1341 ea
1071 1275 1189 1341 factum
1207 1273 1280 1352 erit,
1296 1286 1421 1358 mm

161 1393 272 1458 pacem
289 1393 353 1437 non
370 1379 520 1458 rumpat:
542 1382 600 1439 ant
621 1383 658 1440 ut
677 1374 790 1440 arbitri
807 1374 895 1461 prius
911 1375 1067 1441 adeantur
1082 1397 1176 1463 quam
1191 1358 1353 1441 arms¹1¹⁸
1364 1359 1415 1409 ⁸¹¹

161 1471 282 1536 inferre
298 1470 401 1547 liceat,
419 1471 504 1559 quod
525 1482 596 1539 erat
614 1472 647 1540 io
666 1474 775 1540 federe
797 1475 1070 1563 Peloponnesiaco,
1087 1483 1282 1542 memorante

162 1572 361 1660 Thucydide.
1292 1612 1405 1659 m,

237 1673 393 1739 xxxvl.
445 1675 490 1740 Et
512 1672 605 1763 plane
626 1673 728 1741 sentio
749 1675 783 1741 id
804 1685 909 1742 actum
933 1675 1044 1753 sideri,
1062 1675 1108 1741 ¹‘si
1132 1696 1196 1764 qus
1210 1696 1282 1763 spe·

162 1771 252 1840 cialis
267 1796 361 1861 poena
382 1773 507 1862 adjecta
527 1775 588 1840 sit:
615 1796 678 1839 non
699 1775 784 1860 qnod
800 1777 936 1840 nesciam
953 1799 1044 1863 posse
1060 1776 1109 1842 ita
1124 1774 1279 1851 contrahi,

162 1882 202 1940 ut
226 1872 336 1940 electio
358 1873 399 1941 sit
423 1875 500 1962 ejus,
524 1872 574 1940 cui
599 1873 684 1939 facta
706 1883 755 1940 est
778 1873 904 1961 injuria,
928 1898 1052 1963 poenam
1077 1875 1175 1953 malit,
1195 1895 1238 1940 sn
1257 1895 1282 1941 s

162 1974 376 2041 transactione
395 1976 554 2050 recedere,
572 1974 629 2039 sed
645 1973 731 2060 quod
747 1974 867 2063 negotii
882 1986 999 2041 natura
1014 1977 1083 2052 hoc,
1101 1975 1186 2064 quod
1200 1973 1279 2054 disi,

161 2075 269 2164 potius
284 2074 436 2162 requirat
490 2075 573 2140 lllud
589 2073 715 2161 quidem
732 2085 865 2152 constat,
882 2076 995 2162 etjam
1011 2097 1108 2162 snpra
1125 2075 1242 2142 dictum
1257 2095 1414 2171 amum

162 2174 255 2240 nobis
271 2184 329 2251 est,
347 2184 382 2241 et
397 2175 538 2241 historiae
557 2173 747 2240 anctoritate
772 2175 952 2263 probatum,
975 2197 1085 2263 pacem
1108 2198 1173 2241 non
1192 2197 1279 2242 rum·
1292 2176 1339 2228 ⁴¹⁸

162 2296 241 2362 pere
266 2274 320 2361 qui
344 2275 446 2361 pactis
470 2273 652 2361 simpliciter
678 2273 770 2339 factis
796 2275 953 2363 posterior
974 2297 1038 2340 non
1064 2284 1151 2342 stat:
1175 2295 1280 2363 neque

163 2372 248 2441 enim
265 2374 433 2439 tenebatur
450 2373 510 2439 nisi
526 2373 586 2439 snb
602 2372 788 2440 conditione.

240 2474 415 2540 xxxvii
464 2473 558 2552 Quod
581 2472 609 2538 si
632 2473 801 2540 necessitas
822 2474 929 2562 aliqua
952 2474 986 2540 in
1011 2496 1106 2541 musa
1134 2474 1187 2552 sit,
1215 2495 1282 2563 qno

163 2573 267 2640 minus
288 2595 365 2662 pars
385 2596 450 2640 nna
471 2573 602 2663 impleat
624 2571 659 2638 id
682 2574 767 2661 quod
793 2576 980 2663 promissum
1003 2585 1063 2652 est,
1082 2583 1160 2662 puta
1181 2575 1208 2640 si
1228 2597 1283 2641 res

164 2673 307 2762 perierit,
324 2683 381 2740 aut
403 2674 512 2740 ablata
532 2673 584 2748 sit,
601 2682 659 2738 aut
677 2675 794 2738 iactum
811 2675 971 2740 redditum
987 2675 1028 2742 sit
1044 2675 1150 2761 aliquo
1165 2684 1284 2742 eventu

163 2773 364 2862 impossibile,
386 2795 451 2862 pax
477 2773 604 2862 quidem
626 2781 723 2862 rupta
743 2796 809 2838 non
825 2775 1025 2840 censebiture
1048 2796 1134 2851 mm,
1148 2782 1187 2840 ut
1201 2773 1283 2840 disi·

165 2933 304 2995 osoplon
319 2934 344 2980 in
355 2947 415 2994 pace
426 2932 567 2989 lastiniani,
578 2931 699 2979 iustinia-
791 2941 805 2967 ⁸
821 2932 851 2980 Si
865 2932 1037 2994 essentialis
1048 2947 1122 2993 pne
1134 2930 1283 2993 affected]

164 3024 226 3057 num
252 3011 317 3057 inter
341 3017 368 3056 et
389 3011 523 3058 Chosroin.
563 3009 700 3056 Menander
748 3007 785 3054 tt
799 3007 825 3053 io
838 3008 990 3054 Gotthomm
1007 3008 1088 3068 μά
1103 3021 1160 3054 eun
1172 3007 1283 3056 M

163 3087 296 3134 Protector
309 3101 364 3134 eam
379 3087 463 3136 hebet.
491 3086 564 3146 (Peg.
575 3087 628 3132 ns
647 3083 699 3132 Ed.
748 3083 813 3132 lide
822 3083 967 3144 Procopium
980 3083 1092 3132 Gom
1123 3082 1200 3144 (Cup
1209 3078 1263 3145 12)

164 3161 296 3223 Hense.)

164 3319 261 3386 trcaty
277 3314 303 3370 is
324 3313 359 3370 of
376 3315 553 3385 importance
566 3313 681 3386 enough
698 3319 730 3369 to
745 3312 784 3369 bo
800 3312 880 3384 kept
924 3311 983 3366 But
996 3315 1046 3381 yet
1058 3306 1208 3382 geoden
1223 3306 1284 3364 and

164 3400 317 3473 especially
329 3401 472 3456 chrhtian
484 3401 632 3472 goodncss,
646 3399 765 3456 willrtho
776 3416 857 3454 more
871 3397 978 3468 readily
991 3396 1103 3468 ponium
1115 3393 1167 3451 the
1176 3392 1284 3468 light«

163 3487 264 3552 stulte,
280 3488 433 3560 especially
451 3488 477 3542 if
492 3488 574 3542 thero
592 3488 628 3541 be
647 3488 798 3558 penitence
815 3485 863 3539 for
878 3483 967 3540 them.
1004 3482 1063 3537 But
1083 3483 1115 3537 in
1132 3480 1219 3538 order
1230 3479 1283 3539 th

164 3574 262 3630 better
270 3580 303 3630 to
316 3575 434 3646 provide
445 3574 491 3628 sor
504 3574 554 3629 the
566 3589 754 3645 permancnce
765 3571 800 3625 ol
810 3570 861 3626 the
875 3585 972 3641 peace,
982 3569 1005 3623 it
1017 3584 1082 3639 may·
1093 3567 1131 3625 be
1144 3565 1239 3623 added
1250 3573 1283 3624 te

164 3660 217 3716 tho
231 3661 286 3716 less
299 3662 456 3732 important
470 3661 592 3724 articles,
611 3659 712 3713 thetis
722 3656 896 3729 anythingis
910 3656 986 3711 done
1003 3655 1115 3726 against
1129 3651 1218 3719 then,
1230 3651 1283 3711 the
1364 3677 1371 3683 ·

163 3763 254 3820 pesce
264 3749 290 3803 is
297 3754 350 3803 not
358 3747 485 3802 broken:
500 3764 533 3802 so
541 3746 605 3802 that
615 3745 784 3799 arbitration
795 3743 820 3797 is
831 3751 863 3798 to
874 3743 893 3798 b
923 3741 980 3797 had
991 3756 1124 3797 recense
1134 3747 1174 3802 η
1183 3737 1284 3796 sother

163 3834 237 3890 then
250 3850 343 3899 arms3
364 3833 457 3889 which
470 3850 527 3889 ras
541 3831 591 3888 the
605 3848 670 3888 csso
684 3832 714 3886 in
728 3829 779 3886 the
792 3829 1021 3903 Peloponnesinn
1038 3824 1283 3900 mesane-

163 3921 282 3993 cydides
294 3921 408 3978 retstos

219 4007 361 4063 xxm
403 4007 471 4064 And
492 4007 507 4060 1
524 4006 656 4062 conceive
675 4003 738 4060 that
758 4003 816 4062 this
836 4009 913 4060 most
934 4003 972 4060 bc
992 3998 1166 4059 understood
1186 4003 1220 4059 te
1241 3997 1283 4059 he

162 4094 278 4157 settled,
288 4093 315 4148 ii
324 4110 382 4166 any
392 4093 498 4166 special
509 4092 625 4164 penalty
637 4092 673 4147 be
684 4091 793 4148 added:
813 4098 864 4148 not
876 4091 939 4147 dat
948 4090 964 4146 1
975 4107 1023 4145 am
1034 4090 1176 4161 ignorm,
1186 4085 1251 4145 thes
1262 4101 1283 4144 e

163 4186 296 4242 contrsct
312 4181 424 4252 maybe
435 4180 528 4242 made,
541 4195 579 4232 on
598 4179 653 4233 this
668 4179 823 4244 condition,
838 4178 901 4234 that
919 4179 943 4232 it
957 4175 1032 4231 shall
1045 4174 1083 4231 be
1095 4180 1126 4230 at
1140 4172 1192 4231 tho
1205 4172 1282 4232 elee-

162 4269 226 4323 tion
241 4266 276 4322 oi
285 4265 345 4320 him
356 4265 420 4322 rho
433 4267 558 4321 receives
572 4267 674 4336 injury,
688 4265 816 4322 whether
834 4265 872 4321 he
887 4264 943 4320 will
957 4262 1031 4318 hare
1043 4260 1094 4317 tho
1107 4257 1234 4334 penalty,
1246 4273 1282 4316 er

162 4353 223 4408 vill
235 4353 339 4409 recede
352 4352 427 4408 from
442 4352 493 4407 the
507 4353 697 4416 transaction3
719 4352 772 4407 but
786 4351 850 4407 that
864 4350 915 4407 the
929 4357 1032 4405 nature
1042 4347 1078 4403 ot'
1088 4345 1139 4403 the
1151 4345 1281 4403 business

162 4439 264 4495 rather
282 4440 409 4511 requires
428 4440 505 4493 what
519 4439 533 4492 Ι
546 4439 617 4492 hare
629 4438 732 4493 stated.
770 4437 800 4494 lt
811 4439 835 4493 is
848 4443 997 4511 apparent,
1007 4430 1215 4496 uenerant
1228 4429 1281 4490 hs

161 4527 280 4598 already
297 4527 371 4582 heca
390 4526 452 4581 said
466 4526 505 4597 by
520 4542 562 4590 ns,
576 4524 640 4579 thot
657 4524 694 4579 he
715 4524 783 4579 does
797 4534 849 4581 not
861 4523 950 4581 break
964 4521 1015 4579 the
1028 4536 1125 4595 peace,
1136 4517 1200 4575 vhe
1210 4516 1281 4575 dees

161 4621 216 4669 not
227 4613 311 4669 stand
322 4613 361 4686 by
371 4621 525 4669 corensuts
537 4611 621 4666 made
635 4610 738 4683 simply
751 4607 825 4678 [that
838 4611 871 4676 is,
882 4609 1000 4665 without
1015 4623 1033 4665 a
1045 4597 1182 4681 penales]
1197 4603 1282 4663 rheu

160 4699 215 4758 the
235 4699 420 4774 othmparty
438 4699 491 4756 has
509 4697 633 4755 sothim
650 4696 858 4770 thecxemplc.
895 4694 1083 4753 Forheros
1101 4688 1282 4768 mutent

160 4787 377 4860 eonditionnlly.

218 4873 373 4930 XXXVH,
408 4873 468 4930 Bet
479 4873 508 4929 it'
515 4891 571 4947 any
581 4875 724 4950 necessity
732 4871 772 4932 he
782 4871 836 4932 the
846 4886 935 4929 causo
942 4867 1009 4946 shy
1019 4883 1078 4928 ets
1086 4860 1315 4939 wilk*
