3192 5334
252 366 255 371 ’
322 394 384 463 178
705 399 759 456 nn
779 398 1048 456 rosrnnmvm.
1286 395 1366 467 [nm.
1380 399 1438 457 na

155 595 180 633 1.
222 591 296 648 ‚var
319 567 459 635 mulieris
474 565 696 657 prostitutione
712 562 879 645 amittitur,
896 565 1058 653 multaque
1074 563 1136 630 alia
1146 562 1221 652 jure
1237 563 1385 631 Romano
1401 564 1439 632 in

320 668 463 736 levorem
487 667 707 735 redimentium
733 675 767 733 et
791 686 916 754 poenam
942 665 1157 756 proximorum
1183 663 1239 752 qui
1268 687 1343 732 suos
1369 687 1439 732 non

320 768 481 837 redimunt
497 769 666 836 constituta
682 777 765 834 sunt.

397 871 420 936 3
453 870 593 936 Rursum
609 880 734 935 auctum
752 875 801 935 est
817 866 998 954 postliminii
1016 868 1070 955 jus
1085 865 1156 957 lege
1172 864 1266 944 civili,
1282 887 1321 932 eo
1347 865 1440 954 quod

320 991 385 1037 nen
401 990 440 1036 ee
456 978 579 1036 tantum
602 990 673 1056 qute
695 969 727 1034 in
744 966 933 1057 postliminio
950 977 1025 1034 sunt
1043 968 1117 1056 jure
1138 965 1289 1058 gentium,
1307 967 1366 1033 sed
1382 988 1439 1033 res

321 1091 438 1146 omnes,
452 1068 528 1156 jura
552 1069 656 1135 omnia
681 1069 814 1156 perinde
836 1067 994 1135 habentur
1017 1090 1055 1134 ac
1076 1068 1103 1134 si
1124 1068 1151 1133 is
1171 1066 1225 1154 qui
1242 1065 1337 1133 rediit
1354 1090 1439 1133 nun·

321 1191 416 1257 quam
439 1167 574 1235 hostium
599 1169 718 1255 potitus
747 1176 849 1237 esset:
879 1168 964 1255 quod
994 1176 1027 1234 et
1048 1167 1123 1255 jure
1152 1168 1272 1234 Attico.
1286 1166 1437 1239 obtinuit.

321 1269 415 1348 Nam,
433 1278 470 1336 ut
487 1269 571 1356 apud
589 1269 725 1334 Dionem
742 1269 959 1334 Prusneensem
976 1267 1118 1334 cretione
1136 1289 1190 1334 xv.
1206 1266 1349 1357 legimus,
1366 1267 1439 1355 qni·

156 1389 307 1441 Peme
322 1369 395 1437 dam
419 1368 528 1436 Gallice
552 1391 587 1435 se
612 1368 709 1434 filium
734 1368 842 1435 dicens
867 1376 994 1454 captum
1018 1367 1052 1433 in
1075 1367 1164 1435 clade
1182 1367 1226 1434 ad
1242 1368 1437 1448 Acanthum,

322 1477 356 1536 et
370 1469 517 1535 serviisse
533 1467 566 1533 in
583 1468 729 1546 Thracia,
748 1489 818 1534 cum
841 1467 984 1534 Athenas
1000 1466 1188 1555 postliminio
1204 1467 1361 1545 rediisset,
1377 1469 1440 1535 he-

322 1567 490 1636 reditatem
504 1567 611 1634 Callia
628 1589 649 1634 a
665 1567 893 1655 jossessoribus
909 1567 1009 1654 petiit,
1027 1589 1085 1634 nec
1101 1567 1187 1650 eliud
1203 1565 1372 1655 quaesitum
1386 1577 1440 1636 est

158 1690 286 1739 masc».
322 1667 485 1758 injudicio
504 1689 596 1756 quum
613 1689 655 1733 an
671 1669 698 1734 is
715 1667 952 1736 reveruCellioe
970 1675 1053 1734 esset
1068 1667 1158 1733 filius.
1205 1668 1294 1734 Idem
1311 1677 1438 1746 narret,

321 1759 493 1836 Messenios
510 1791 579 1835 eum
605 1768 701 1858 longo
724 1779 866 1856 tempore
889 1766 1080 1846 serviissent,
1103 1767 1232 1835 tandem
1251 1777 1284 1834 et
1303 1766 1440 1836 liberta·

157 1885 304 1972 {43⁰3th
323 1878 387 1937 tem
415 1879 449 1936 et
474 1868 636 1958 regionem
664 1869 828 1957 recepisse.
882 1870 949 1934 lmo
973 1875 1007 1934 et
1032 1890 1105 1955 quee
1131 1889 1190 1956 per
1212 1867 1439 1955 usucapionem

153 1959 246 2028 wll*
266 1959 272 1971 ’
322 1977 379 2038 aut
393 1968 609 2036 liberationem
628 1991 667 2035 ex
685 1970 773 2036 bonis
789 1969 960 2044 subtracta,
978 1967 1029 2034 vel
1046 1989 1110 2034 non
1126 1966 1243 2034 utendo
1259 1967 1349 2034 finita
1366 1991 1440 2036 esse

323 2069 522 2146 videbantur,
556 2067 679 2135 actione
704 2069 884 2136 rescissoria
908 2067 1138 2135 restituuntur:
1171 2089 1245 2134 num
1269 2067 1304 2133 in
1328 2067 1439 2136 edicto

156 2189 295 2239 Jahn-1>-
323 2169 364 2237 de
385 2169 554 2257 majoribus
578 2168 612 2234 in
634 2169 794 2258 integrum
814 2168 1026 2244 restituendis,
1044 2167 1071 2234 is
1088 2167 1364 2256 comprehenditur
1380 2169 1440 2256 qni

155 2237 309 2333 arpano.
322 2269 356 2336 in
372 2271 509 2338 hostium
532 2278 581 2337 est
601 2278 768 2357 potestate.
820 2271 865 2337 Et
886 2270 946 2337 hoc
962 2268 1089 2357 quidem
1111 2267 1199 2336 venit
1219 2289 1260 2335 ex
1277 2266 1354 2356 jure
1369 2269 1440 2336 Ro-

322 2392 416 2437 mano
433 2369 572 2458 antiquo.
937 2439 941 2445 ,

396 2473 423 2536 4
457 2472 502 2537 At
517 2471 570 2537 lex
594 2469 740 2536 Cornelia
767 2469 864 2538 etiam
885 2469 1057 2537 heredibus
1082 2467 1237 2536 consuluit
1252 2489 1364 2535 eornm
1379 2471 1439 2558 qui

309 2570 408 2663 cepti
431 2570 519 2658 apud
541 2571 646 2637 hostes
669 2570 890 2639 decessissent:
916 2572 1000 2638 bona
1024 2592 1134 2637 eorum
1154 2589 1343 2636 conservans
1363 2590 1441 2659 per·

322 2669 397 2737 inde
413 2670 503 2758 quasi
520 2671 573 2758 qui
599 2693 662 2736 non
684 2670 766 2736 redit
781 2670 848 2756 jam
870 2693 907 2737 eo
930 2679 1152 2757 temporeque
1170 2678 1279 2756 captus
1305 2680 1355 2737 est
1380 2671 1439 2737 de-

323 2765 475 2838 cessisset.
521 2772 601 2850 Quce
626 2770 701 2858 jura
724 2769 830 2837 civilia
851 2771 879 2836 si
904 2771 1006 2847 tollas,
1029 2769 1118 2837 haud
1142 2768 1238 2836 dubie
1263 2769 1371 2837 statim
1401 2780 1440 2839 ut

366 2955 376 2981 ⁸
391 2949 464 2996 Bona
474 2946 524 3005 due
525 2946 618 3006 fictura
619 2946 728 3007 fuissent
736 2961 855 3007 occepere·
906 2954 950 2995 eut
965 2949 1043 2996 coloni
1058 2947 1089 2996 ab
1107 2946 1213 2994 hortibus
1229 2947 1295 3008 capti
1308 2952 1333 2994 ct
1347 2951 1442 2996 remei

322 3023 392 3085 tium]
409 3023 472 3069 Vide
482 3023 554 3083 legem
569 3022 756 3083 Wisigottbicnm
766 3022 821 3070 Lib.
830 3036 856 3070 v.
906 3022 1001 3068 domino
1026 3023 1189 3081 restituentur,
1202 3023 1226 3069 ri
1244 3037 1291 3068 nen
1308 3028 1365 3069 reue
1383 3029 1442 3071 ante

322 3098 361 3144 tit.
373 3098 403 3144 iv.
414 3112 435 3144 c.
446 3099 484 3145 16.
907 3097 939 3144 nb
955 3096 1032 3144 altere
1048 3098 1199 3145 vendentibus
1216 3097 1322 3145 vocem
1333 3099 1360 3144 r'n
1374 3113 1440 3146 cosr-

369 3171 479 3218 tEtiam
497 3185 557 3232 repe
570 3169 692 3230 ¹ulr'ovruti]
719 3171 756 3218 At
776 3172 855 3219 edicto
906 3174 993 3220 marcio
1004 3172 1309 3235 comparari.(0up.1sa)
1339 3175 1441 3224 videet

323 3245 469 3294 Theudorici
487 3246 523 3293 ite
543 3245 703 3294 constitutum
725 3250 774 3293 est:
793 3247 858 3293 cerei
909 3248 1080 3295 Cussiodorum
1092 3260 1133 3295 111.
1143 3250 1182 3296 st.
1212 3251 1250 3297 Ar
1262 3249 1313 3311 lopo
1325 3249 1441 3314 Wieiyot·

329 3515 332 3520 ’
381 3502 398 3552 3
420 3497 519 3570 Again,
534 3499 584 3554 the
600 3501 738 3573 privilege
749 3517 805 3555 vves
820 3499 961 3556 extended
976 3501 1077 3574 hythe
1091 3503 1204 3558 Roman
1216 3501 1274 3557 und
1284 3499 1363 3558 Attio
1374 3501 1440 3569 lavv,

260 3579 263 3585 ’
323 3599 356 3639 so
370 3583 434 3639 that
448 3573 486 3640 all
500 3585 591 3658 rights
606 3603 680 3643 were
693 3588 822 3643 restored
835 3598 866 3642 to
881 3587 931 3643 the
947 3606 1059 3660 person.
1106 3589 1181 3644 Soa
1202 3604 1315 3661 person,
1333 3588 1442 3662 calling

323 3669 442 3725 himself
456 3671 505 3727 the
520 3689 572 3727 son
592 3673 626 3728 oi
644 3673 756 3739 Gallias,
775 3673 838 3729 vrbo
852 3673 911 3728 had
930 3675 1004 3731 been
1024 3692 1042 3730 a
1062 3675 1141 3731 slave
1155 3675 1185 3729 in
1200 3675 1319 3738 Thrace,
1333 3673 1442 3748 haring

323 3754 398 3811 been
411 3757 497 3813 taken
507 3759 537 3812 in
551 3758 599 3814 the
612 3761 707 3816 defeat
720 3767 749 3815 nt
759 3759 912 3822 Acanthus,
925 3762 1062 3817 returned
1070 3768 1100 3816 to
1112 3761 1229 3827 Athens,
1247 3760 1304 3816 end
1316 3762 1441 3818 claimed

324 3841 375 3897 the
387 3843 562 3901 inheritance
571 3846 604 3900 ot
614 3847 715 3901 Cellius
727 3847 802 3901 from
814 3848 864 3903 the
875 3864 1031 3920 possessore
1044 3849 1077 3904 of
1085 3849 1108 3902 it
1113 3868 1122 3913 ;
1136 3847 1201 3912 end,
1212 3848 1242 3902 in
1253 3847 1304 3904 the
1315 3849 1392 3915 trial,
1401 3866 1441 3906 no

324 3929 444 4001 enquiry
453 3947 508 3985 vas
523 3932 616 3996 made,
626 3941 726 4004 except
741 3933 869 3989 whether
883 3935 920 3990 he
932 3952 1005 3991 vvere
1017 3935 1130 3990 theson
1142 3935 1294 3991 oiOallies.
1334 3936 1374 3991 So
1389 3937 1442 3994 the

324 4015 507 4080 blesseninns,
531 4019 607 4073 efter
625 4019 693 4090 long
715 4020 866 4086 servitude,
888 4022 1041 4078 recovered
1064 4022 1140 4077 their
1163 4021 1268 4094 liberty
1286 4021 1344 4076 and
1363 4022 1442 4080 their

324 4109 453 4176 country.
478 4105 558 4159 Eren
572 4106 647 4159 vhut
662 4105 719 4161 had
733 4106 872 4165 beenlost
886 4109 925 4184 by
936 4110 1113 4182 usucaption,
1128 4125 1161 4165 or
1175 4107 1332 4175 otherwise,
1347 4110 1443 4184 might

324 4187 361 4244 be
373 4191 535 4247 recovered.

384 4281 402 4330 4
424 4277 486 4333 The
506 4278 657 4334 Cornelian
677 4281 730 4335 lavv
749 4282 887 4354 provided
906 4281 953 4337 for
967 4283 1016 4338 the
1039 4283 1114 4338 heim
1135 4282 1170 4337 ot'
1186 4282 1268 4338 those
1288 4280 1352 4337 vrbo
1372 4283 1442 4340 died

325 4362 409 4418 while
424 4363 452 4416 in
469 4363 517 4418 the
530 4366 661 4421 enenrios’
673 4356 788 4424 hands'
810 4371 841 4424 If
852 4370 908 4425 this
923 4369 980 4424 had
999 4377 1049 4425 not
1064 4371 1137 4426 been
1151 4387 1192 4432 so,
1207 4387 1263 4441 any
1277 4386 1333 4425 one
1347 4370 1443 4443 might

325 4447 398 4506 bure
413 4450 504 4505 selred
519 4451 594 4507 their
612 4467 755 4528 property,
776 4456 822 4512 for
842 4456 911 4529 they
925 4474 998 4514 were
1013 4457 1156 4512 reekoned
1171 4473 1202 4511 as
1216 4456 1363 4521 nullided3
1383 4458 1442 4513 and

326 4535 353 4590 if
369 4536 437 4610 they
451 4539 593 4603 returned,
607 4539 664 4596 had
683 4559 720 4598 no
738 4543 824 4616 right,
848 4550 949 4617 except
968 4550 1000 4600 to
1015 4545 1221 4618 postliminium
1228 4545 1293 4618 juro
1307 4546 1440 4616 gentium.
