3192 5334
158 550 232 607 οι».
245 544 326 621 xn]
467 545 780 618 ucounsrrnoxmr
802 547 967 606 nmnnn.
1211 539 1277 607 27⁷

160 720 337 806 inperium
347 716 450 803 justo
466 717 658 793 libertatem,
676 739 863 804 paucorum
879 715 1063 783 dominatio
1085 715 1185 802 regite
1201 714 1278 780 iibi-

160 820 237 884 dini
256 820 399 905 propior
423 829 478 884 ert
535 816 601 884 Sed
626 815 778 904 ejusmodi
803 816 992 883 mutationes
1016 837 1059 882 an
1082 814 1127 882 ad
1148 811 1278 882 deteris

161 915 363 986 securitatem
379 914 508 1002 iseimt,
523 938 586 983 non
602 926 652 983 est
668 926 786 982 nostras
801 914 1011 1004 inspectionis

239 1015 301 1083 IX.
343 1015 380 1083 Si
397 1015 499 1084 minus
516 1025 619 1083 tutum
634 1015 677 1082 sit
692 1015 778 1082 omni
793 1015 826 1082 in
844 1014 943 1081 victos
959 1013 1091 1103 imperio
1106 1012 1277 1093 ahenos,

160 1115 335 1206 temperari
351 1126 457 1184 umen
473 1138 526 1183 res
537 1124 652 1204 potest,
668 1124 706 1181 nt
721 1113 841 1201 aliquid
854 1115 978 1203 imperii
993 1114 1190 1200 relinquatur
1201 1111 1279 1201 ipsis

162 1227 220 1285 ant
243 1217 383 1306 ipsorum
407 1214 546 1305 regibus
598 1213 712 1303 Populi
741 1213 878 1280 Romani
904 1212 1160 1281 consuetudinem
1184 1219 1279 1279 vome

163 1315 292 1383 Tacitus
315 1325 352 1382 nt
374 1315 508 1382 baberet
530 1315 749 1381 inatruniento
773 1317 942 1381 seruitutis
963 1327 995 1381 et
1013 1336 1113 1400 reges.
1164 1311 1277 1379 Eidem
1289 1330 1430 1382 *Νι

162 1417 348 1482 Antiochus
372 1415 619 1482 inservientium
644 1435 758 1498 repunt
785 1415 995 1481 ditissimus:
1019 1411 1177 1499 βασιλεῖς
1197 1407 1279 1480 Ῥυ-
1291 1425 1419 1467 m*

162 1514 265 1598 peior
285 1511 436 1597 ὑπήκοοι,
457 1513 512 1579 'in
528 1511 760 1578 commentariis
780 1512 822 1579 de
837 1513 1004 1581 Musonio:
1029 1522 1064 1579 et
1083 1511 1170 1601 apud
1189 1511 1279 1579 Stra·
1291 1540 1393 1592 nnn

162 1615 277 1681 bouem
293 1613 378 1682 siren
393 1614 486 1681 finem
500 1611 573 1678 libri
590 1609 681 1679 sexti.
727 1611 883 1695 Ῑιιιοιιιιιι,
1292 1652 1412 1692 „m

348 1744 443 1816 Atque
457 1728 738 1813 omnia¹hatioque
751 1741 1080 1816 smritpurpuraterro.
1289 1699 1333 1739 ἰ

163 1851 218 1918 Sie
239 1850 325 1939 apud
349 1851 480 1918 Judaeos
503 1848 620 1916 mansit
643 1855 803 1934 seeptrum
829 1848 863 1915 in
889 1847 1059 1937 synedrio,
1084 1846 1181 1914 etiam
1205 1856 1280 1934 post

161 1951 414 2017 confiscationem
437 1948 595 2017 Archelai.
648 1947 816 2037 Euagorae
836 1948 939 2037 Cypri
955 1969 1024 2024 rex,
1047 1954 1086 2014 ut
1100 1948 1186 2034 apud
1200 1945 1277 2013 Dio-
1290 1963 1407 2005 mm

161 2051 275 2116 dorum
292 2057 351 2126 est,
368 2048 494 2116 dioebat
510 2048 592 2114 uelle
608 2069 642 2114 se
657 2048 766 2114 Perses
785 2048 926 2124 obedire,
941 2045 998 2113 sed
1013 2055 1051 2113 ut
1071 2067 1181 2135 regem
1196 2046 1277 2135 regi

162 2149 211 2217 Et
223 2149 323 2216 Dario
340 2149 423 2215 ricto
439 2147 605 2234 aliquoties
619 2148 701 2213 hene
721 2147 930 2213 conditionem
946 2146 1072 2213 serebat
1085 2145 1277 2227 Alexander,
1290 2164 1436 2206 nexuum

161 2254 229 2316 ΙΙΙιιι
248 2251 317 2337 ipse
335 2249 509 2337 imperaret
525 2247 605 2325 eliis,
628 2254 757 2334 pareret
781 2247 977 2312 Alexandro.
1027 2246 1096 2310 Nos
1116 2243 1157 2310 de
1177 2244 1280 2310 modis

161 2349 311 2415 miseendi
328 2347 452 2437 imperii
469 2346 604 2412 diximus
619 2344 705 2411 alibi.
749 2345 944 2423 Quibusdam
961 2367 1037 2435 pars
1050 2343 1142 2434 regni
1157 2343 1278 2422 relicta,
1292 2364 1446 2453 ffiffi

162 2448 246 2516 siem
261 2447 421 2515 ueteribus
437 2444 668 2534 possessoribus
683 2465 835 2534 agrorum
853 2466 937 2532 pars.

240 2547 282 2614 X.
334 2547 400 2613 Sed
422 2557 456 2612 et
475 2567 547 2612 enm
567 2565 659 2611 omne
681 2542 847 2632 imperinm
868 2543 961 2610 vietis
978 2543 1122 2632 eripitur,
1145 2541 1282 2630 relinqui

163 2754 296 2798 uersarent,
311 2739 391 2800 repe-l
402 2739 468 2786 forte
477 2739 544 2798 apud
557 2735 698 2795 Smsnux,
747 2738 776 2800 (a
788 2738 922 2787 maten.
932 2739 1088 2786 Numine.
1097 2751 1120 2787 e.
1127 2735 1181 2797 10.)

166 2816 241 2863 Sem.
250 2815 308 2861 xlvi.
323 2827 382 2874 pag.
394 2813 447 2861 336.
465 2813 518 2859 init.
536 2813 577 2859 nbi
593 2813 699 2860 retertur
792 2821 812 2848 ⁸
831 2815 864 2863 Ut
882 2816 933 2876 ipn
948 2816 1077 2875 inperaret
1095 2814 1162 2871 aliie,
1181 2812 1283 2874 parret

164 2888 464 2951 egreginoratlollnxonii
474 2887 699 2947 adRegemqnem·
745 2888 899 2951 Alexandro]
916 2889 989 2937 'isles
1002 2894 1029 2936 et
1043 2889 1101 2935 olim
1115 2889 1141 2935 in
1156 2887 1230 2936 Italis
1242 2900 1284 2936 re·

165 2967 220 3011 dum
237 2965 320 3026 Syris.
349 2963 385 3010 Bt
404 2963 515 3022 quamvis
534 2974 614 3021 neque
635 2961 697 3021 heio,
747 2978 791 3026 ges
806 2965 851 3011 snb
869 2965 971 3011 allorum
988 2977 1074 3024 regum
1087 2963 1209 3024 imperiis:
1225 2963 1282 3010 Ser·

164 3054 210 3087 nec
218 3040 284 3096 alibi,
292 3040 317 3084 ln
327 3038 375 3084 illis
386 3035 557 3090 collectaneis,
567 3037 633 3097 qnod
642 3037 698 3097 qni·
746 3041 802 3087 rins
812 3040 844 3087 nd
855 3054 882 3088 x.
890 3040 990 3087 AEneid
1001 3041 1071 3098 (reru.
1079 3039 1144 3097 655.)
1167 3039 1208 3088 Sic
1216 3039 1284 3101 φοι

164 3116 219 3160 dem
236 3113 318 3168 ιοιιιιι,
335 3111 400 3156 dicta
415 3110 528 3167 Maeonii,
543 3115 668 3170 tamquam
683 3126 699 3159 s
749 3116 894 3177 AEsehylum
914 3116 1000 3163 Persis
1019 3116 1091 3177 (pag.
1105 3113 1158 3164 12&
1173 3113 1225 3163 Ed.
1242 3113 1283 3163 H.

166 3187 351 3237 Commentariis
360 3187 483 3242 Pollionis,
492 3185 636 3244 landertun
645 3201 697 3234 me·
749 3190 858 3253 steph.):

164 3265 214 3311 rito
229 3269 310 3310 nmen
327 3263 384 3308 inde
399 3262 478 3322 petita
493 3261 592 3322 ennjicit
608 3267 697 3311 nosen.
800 3266 902 3312 Βασιλεῖς
916 3266 1023 3317 norw
1033 3265 1111 3319 ὕποχα
1123 3265 1227 3320 urim

165 3339 238 3389 J.B.
795 3332 1100 3383 Wnsssmenlffl

211 3412 217 3448 ¹
239 3412 314 3460 Latio
329 3425 383 3473 que
399 3411 472 3458 seruit
488 3424 601 3471 purpura
612 3410 697 3474 firro]
750 3412 790 3461 διο
806 3419 833 3461 et
848 3414 913 3475 apud
930 3412 1031 3470 Τιιιω,
1050 3416 1115 3461 teste
1134 3405 1282 3460 Ianum

165 3491 230 3538 Vide
245 3489 420 3549 Punegyricum
439 3486 586 3534 Maximiano
606 3488 715 3536 dictum·
747 3488 902 3537 libroxvsu.

166 3768 231 3825 that
251 3785 331 3825 some
346 3762 495 3842 'authority
514 3786 580 3843 mny
601 3770 639 3825 be
657 3769 712 3825 left
733 3776 764 3826 to
785 3770 874 3836 them,
892 3788 907 3826 ο
945 3771 1021 3827 their
1038 3771 1131 3843 kings.
1168 3768 1285 3825 Taeitns

166 3855 269 3927 speaks
288 3855 322 3910 oi
337 3857 359 3910 it
381 3872 413 3909 ns
430 3855 480 3910 the
502 3863 613 3910 enstom
634 3856 667 3911 ni
685 3856 735 3912 the
752 3857 881 3912 Romans
899 3866 926 3912 to
947 3858 1014 3913 iate
1030 3858 1109 3929 tinge
1129 3873 1162 3911 οι
1182 3855 1225 3912 tie
1238 3855 1284 3910 in·

166 3951 312 3997 strumento
327 3942 364 4011 os
375 3942 444 3994 tieir
457 3941 533 3994 rulo:
557 3941 614 3996 and
629 3941 698 3996 calls
713 3943 871 3999 Antiochus
885 3944 1031 4000 tinniebat
1044 3944 1184 4016 ossubjeet
1194 3941 1282 4014 kinps.

167 4028 207 4082 So
219 4027 367 4081 Musonius
383 4021 424 4096 [in
438 4025 575 4092 Stobaeus,
588 4045 635 4083 sce
647 4028 675 4081 J.
688 4027 745 4082 B0’s
757 4029 847 4097 note),
860 4030 973 4094 Strabo,
987 4031 1094 4085 Lucan.
1129 4029 1169 4083 So
1180 4043 1286 4100 among

166 4111 217 4166 the
229 4112 313 4174 Jews,
330 4113 379 4167 the
392 4119 503 4184 sceptro
518 4113 665 4169 remeined
680 4114 710 4167 in
724 4113 775 4168 the
788 4115 1049 4181 Snnbedrim,even
1063 4114 1139 4170 efter
1151 4112 1203 4170 the
1216 4129 1286 4168 con·

166 4197 295 4252 fiscation
313 4198 347 4253 of
363 4197 525 4255 Archelaus.
563 4201 603 4255 So
624 4200 768 4271 Euagorae
787 4201 822 4255 oi
836 4200 946 4274 Cyprus
961 4218 1017 4256 was
1036 4201 1143 4271 willing
1164 4204 1196 4254 tn
1210 4198 1286 4270 ohey

166 4274 218 4339 the¹
234 4283 352 4338 Persian
370 4283 448 4354 king,
465 4301 497 4339 ns
515 4301 570 4340 one
587 4285 656 4357 king
674 4285 805 4341 another.
849 4287 916 4341 And
934 4286 1010 4340 after
1024 4285 1128 4340 Darius
1142 4299 1199 4338 ures
1216 4298 1285 4338 eon·

166 4369 281 4441 qnered.
300 4368 346 4423 ior
365 4385 443 4424 some
462 4371 531 4425 time
551 4370 713 4427 Alexander
730 4372 838 4427 offered
858 4372 917 4426 him
941 4371 991 4427 the
1009 4370 1155 4427 condition
1168 4367 1233 4424 that
1246 4366 1285 4425 he

166 4455 269 4510 should
288 4471 395 4524 gorern
416 4454 512 4510 others
532 4456 590 4511 and
611 4455 683 4528 nbey
703 4457 873 4513 Alexander.
912 4458 965 4512 We
988 4457 1060 4512 bare
1082 4455 1190 4528 spoken
1210 4452 1284 4509 else·

166 4539 262 4595 where
276 4541 310 4594 of
321 4540 415 4594 mixed
427 4542 543 4614 empire
575 4543 610 4597 In
625 4558 703 4598 some
721 4559 808 4607 cases,
820 4559 838 4597 n
852 4550 918 4615 pert
932 4544 965 4599 of
976 4544 1026 4600 the
1041 4541 1177 4614 kingdom
1191 4540 1216 4594 ia
1229 4537 1285 4594 leit

167 4633 199 4682 ιο
214 4625 265 4681 the
280 4625 465 4696 rnnquished,
476 4644 507 4683 ns
519 4645 537 4682 a
548 4633 614 4701 part
628 4628 661 4683 oi
671 4628 720 4683 tho
732 4628 815 4683 lnnds
828 4636 860 4684 to
874 4629 924 4685 the
938 4629 987 4685 old
1002 4641 1167 4701 possessore.

219 4711 259 4768 X.
296 4712 377 4769 Eren
393 4711 476 4769 when
496 4713 536 4770 all
552 4713 699 4790 authority
711 4714 736 4772 is
750 4715 838 4772 taken
857 4715 932 4772 from
950 4714 1000 4772 the
1015 4709 1199 4786 vnnquished.
1214 4708 1285 4784 they
1306 4664 1330 4840 X
