3192 5334
166 560 237 617 Cur.
250 557 361 630 xv11.]
405 562 458 618 DE
480 561 556 630 IIIS,
580 561 649 629 QUI
671 560 715 617 IX
736 561 864 619 BELLO
886 562 1002 619 MEDII
1025 563 1138 620 SUNT.
1224 553 1289 619 295

168 732 321 807 πολεμεῖ,
349 723 411 819 ndu
437 724 537 811 μήπω
572 725 692 826 βάλλῃ
719 721 798 812 μηδὲ
829 725 958 828 τοξεύῃ·
990 732 1050 818 qui
1074 752 1114 798 ea
1127 731 1223 814 fucit
1256 743 1287 798 et

167 833 383 896 machinatur
398 833 515 914 quibus
532 853 589 917 eqo
611 833 689 918 cupi
707 833 844 916 possim,
863 834 994 898 etiunrsi
1016 854 1074 898 uec
1086 832 1208 917 sirint,
1226 853 1287 900 nec

158 933 315 1015 jaculum
341 933 482 1010 cursitent,
509 932 612 998 lucetis
636 932 721 996 milui
741 943 797 998 cst.
849 932 895 998 ll.
913 930 1031 998 Acilius
1053 930 1203 1018 Epirotis,
1229 931 1284 1019 qui
1295 941 1429 1029 guam*

166 1032 265 1097 milite
282 1030 472 1097 Antiochum
493 1053 556 1097 non
570 1029 731 1118 juverant,
758 1030 814 1096 sed
836 1030 998 1118 pecuniam
1022 1030 1051 1098 ci
1068 1029 1187 1097 misisse
1208 1029 1283 1098 insi·

165 1131 377 1208 mulubsntur,
401 1131 531 1220 negavit
555 1131 635 1199 scire
660 1154 694 1197 se
717 1129 854 1196 hostium
877 1154 918 1197 un
942 1142 1122 1218 pacatorum
1148 1152 1281 1198 numero

165 1254 219 1298 eos
241 1233 361 1298 habere
378 1231 519 1298 deberet.
567 1233 604 1298 L.
622 1230 770 1298 AEmilius
793 1232 919 1298 Praetor
936 1233 1029 1300 Teios
1052 1229 1169 1321 arguit,
1194 1231 1279 1319 quod
1291 1234 1448 1320 genuum

164 1341 339 1398 commeatu
358 1330 487 1397 classem
504 1329 640 1398 hostium
652 1330 819 1419 juvissent,
841 1333 948 1399 sinum
965 1332 1198 1422 promisissent:
1222 1330 1279 1398 ed·

163 1433 251 1509 dens,
277 1431 310 1497 ni
334 1431 445 1497 eadem
470 1432 624 1498 Romsnae
648 1432 738 1499 classi
763 1433 886 1511 darent,
912 1455 947 1500 se
973 1456 1032 1522 pro
1057 1431 1200 1501 hostibus
1224 1452 1279 1499 eos

163 1532 354 1599 habiturum.
407 1533 606 1599 Memoratur
622 1540 656 1600 et
674 1532 809 1599 Cussris
823 1533 960 1623 Augusti
977 1534 1116 1601 dictum:
1141 1526 1277 1602 ἔκσπον·
1289 1533 1419 1629 QW

164 1624 218 1702 dos
247 1628 348 1703 πόλιν
374 1634 465 1710 εἶναι,
494 1627 656 1712 πολέμιον
681 1626 830 1727 ’ἔχουσαν
862 1629 941 1730 παρ’
972 1630 1070 1734 αὐτῇ·
1093 1636 1195 1722 pacis
1215 1629 1395 1719 jsu¹²¹⁰¹¹²

163 1737 314 1802 omittere
331 1737 507 1812 ciuitatem,
523 1757 595 1822 qum
609 1736 730 1801 hostem
748 1733 899 1821 recipiat.

150 1891 151 1894 ,
231 1838 253 1900 3
284 1835 433 1901 Proderit
449 1835 545 1901 etiam
561 1856 631 1900 cum
648 1843 784 1919 utruque
802 1842 894 1921 parte
906 1832 1022 1901 bellum
1038 1842 1169 1924 gerente
1184 1831 1277 1902 sedus

162 1933 302 2013 miscere,
320 1936 367 2001 ita
383 1944 419 2001 ut
432 1957 502 2001 cum
519 1936 681 2020 utriusque
698 1931 781 1999 bona
793 1933 956 2001 voluntate
972 1956 993 2001 a
1009 1935 1091 2002 bcllo
1106 1933 1275 2012 abstinere,

162 2043 196 2101 et
212 2034 388 2102 communia
402 2034 604 2103 humanitatis
616 2031 716 2100 officia
727 2031 870 2120 utrisque
884 2034 1035 2101 exhibere
1050 2034 1152 2102 liceat.
1180 2031 1276 2122 Apud

163 2134 289 2202 Livium
306 2146 375 2203 est:
393 2159 509 2222 pacem
526 2138 657 2220 utrique
666 2137 776 2221 parti,
794 2137 882 2222 quod
896 2137 1020 2203 medios
1036 2138 1125 2203 decet
1140 2138 1274 2213 amicos,
1287 2141 1440 2185 “hm-⁴²

161 2245 294 2321 optent:
319 2237 399 2303 dello
421 2260 455 2305 se
475 2259 539 2303 uon
561 2238 784 2323 interponant.
837 2235 1046 2302 Archidamus
1072 2236 1197 2324 Sparte
1215 2256 1276 2302 rex

160 2336 257 2416 Eleis,
275 2358 346 2402 cum
363 2335 548 2404 riderentur
569 2335 603 2402 in
623 2333 782 2401 Arcadum
800 2344 909 2424 partes
929 2335 1089 2414 inclinare,
1111 2335 1274 2424 epistolam
1289 2349 1435 2439 umore

160 2435 284 2524 scripsit
306 2437 366 2504 hoc
390 2445 514 2505 tuntum
539 2433 768 2504 continentem:
797 2432 902 2505 καλόν
927 2432 1060 2531 ἡσυχία·
1086 2437 1205 2503 mcum
1227 2406 1309 2505 cst¹²

159 2559 329 2624 quaestore.

213 2774 230 2825 3
248 2770 277 2825 It
291 2787 357 2844 may
371 2771 518 2860 bQ
534 2772 579 2828 for
592 2788 610 2828 a
621 2773 734 2830 neutral
769 2778 814 2828 art
846 2779 877 2828 to
892 2771 976 2828 make
990 2787 1008 2827 s
1022 2771 1192 2828 conventior
1205 2769 1294 2828 reith.

75 2812 132 2942 Θ
161 2855 232 2911 cuch
243 2837 532 2938 mel-ligerem
540 2879 548 2938 ξ
563 2876 594 2915 εο
607 2845 670 2915 tlat
684 2861 709 2916 it
723 2877 789 2948 muz
802 2860 841 2916 be
858 2859 976 2915 allowed
988 2858 1055 2912 with
1066 2857 1117 2913 the
1132 2856 1207 2938 good
1216 2857 1274 2914 vill

161 2943 196 2998 of
209 2932 286 3008 ilios,
296 2952 327 2999 to
342 2945 454 3001 abstain
474 2946 549 3002 from
568 2963 634 3013 war,
654 2963 692 3001 sn
742 2963 760 3003 o
779 2947 903 3002 exerclse
917 2944 1037 3001 towards
1051 2944 1123 3000 both
1134 2943 1185 3000 the
1196 2960 1274 3000 eom·

161 3047 230 3085 mon
240 3031 333 3089 duties
345 3032 379 3087 of
390 3031 548 3106 humanity.
580 3033 620 3089 So
631 3034 663 3088 in
673 3034 754 3106 Livy.
787 3033 827 3089 So
839 3033 1026 3089 Archidemus
1037 3032 1107 3104 Κίος
1118 3031 1152 3087 oi
1160 3031 1274 3105 sputu,

161 3115 243 3172 when
255 3117 292 3174 he
306 3135 363 3174 saw
374 3118 438 3175 thet
452 3120 502 3177 tho
512 3120 617 3178 Eleous
628 3119 754 3177 inclined
765 3125 796 3177 to
808 3119 858 3177 the
869 3119 1033 3186 Madiane,
1041 3125 1130 3176 wrote
1140 3123 1172 3176 to
1183 3117 1276 3187 chem.

161 3204 190 3258 It
204 3204 227 3259 ie
241 3205 302 3260 well
316 3216 342 3262 to
357 3207 386 3262 de
400 3208 480 3279 quiet.
