3192 5334
297 679 303 690 ·
330 644 570 712 l'OLUlllNE
597 641 763 709 TERTIO
792 634 1086 708 CONTINETUR

502 805 661 866 LIBER
684 800 917 863 TERTIUS·

227 1031 232 1040 .
326 983 480 1054 Quantum
501 981 532 1041 in
550 981 634 1042 Bello
654 981 747 1054 liceat,
768 978 875 1057 regulae
895 977 1039 1058 generales
1052 994 1089 1035 ex
1102 975 1174 1035 Jure

368 1086 509 1146 Nature:
531 1085 583 1144 ubi
596 1085 675 1146 etde
688 1085 762 1145 dolis
776 1092 806 1143 et
820 1081 969 1142 mendacio
1076 1125 1083 1140 .
1166 1125 1173 1139 .
1258 1079 1272 1136 1

235 1236 242 1250 .
330 1188 486 1260 Quomodo
496 1188 516 1247 J
519 1208 568 1247 ure
577 1189 719 1264 Gentium
734 1189 810 1247 bona
820 1185 1003 1246 subditorum
1014 1203 1067 1263 pro
1078 1183 1176 1244 debito

365 1293 572 1369 imperantium
586 1293 765 1372 obligentur:
788 1291 839 1350 ubi
854 1290 890 1349 de
905 1288 1093 1367 Represseliis
1127 1331 1135 1347 .
1236 1287 1273 1348 41

242 1444 250 1458 .
327 1398 374 1456 Do
395 1396 479 1456 Bello
500 1396 587 1456 Justo
608 1397 669 1455 sive
688 1395 797 1456 solenni
813 1395 880 1472 jure
897 1392 1046 1471 gentium:
1067 1390 1118 1450 ubi
1141 1391 1178 1451 de

286 1565 288 1570 ,
365 1500 528 1561 Indictione
626 1537 1176 1559 .......
1236 1494 1278 1555 53
1312 1501 1318 1511 ”

229 1608 252 1667 ’.
330 1606 377 1665 De
390 1607 456 1684 jure
469 1603 658 1664 interficiendi
672 1603 768 1663 hostes
785 1602 817 1660 in
831 1600 915 1660 Bello
932 1598 1052 1666 solenni,
1071 1605 1101 1659 et
1120 1599 1178 1659 elis

366 1710 396 1768 vi
410 1711 440 1768 iu
454 1729 559 1787 corpus

218 1817 241 1874 ².
329 1814 376 1873 De
389 1814 474 1873 rebus
487 1815 637 1874 vastandis
650 1811 862 1892 eripiendisque
935 1800 996 1870 ”.
1077 1853 1086 1869 .
1167 1853 1175 1868 .

247 1965 254 1979 .
330 1919 377 1978 Do
390 1918 462 1978 Jure
476 1919 642 1998 acquirendi
655 1917 739 1978 Bello
752 1925 840 1996 capte
924 1961 932 1977 .
1015 1960 1023 1975 .
1107 1960 1114 1974 .
1218 1912 1276 1973 105

327 2022 375 2081 De
388 2022 409 2081 J
411 2043 460 2082 ure
474 2022 504 2080 in
519 2021 661 2101 Captivos
715 2061 1175 2082 ......
1219 2013 1278 2075 148

263 2171 270 2185 .
330 2125 511 2205 Deimperio
524 2125 555 2184 in
569 2124 674 2184 Victos
744 2166 1116 2184 .....
1219 2119 1273 2179 161

243 2275 250 2289 .
327 2229 374 2288 De
387 2228 571 2291 Postliminio
622 2269 1176 2292 .......
1219 2223 1278 2294 167

198 2379 212 2390 .
231 2378 240 2392 .
331 2332 446 2392 Monita
459 2333 495 2392 de
508 2332 564 2406 his,
584 2353 650 2410 qnae
663 2331 740 2390 fiunt
753 2330 784 2390 in
799 2329 882 2390 Bello
893 2329 1006 2417 injusto
1106 2375 1115 2391 .
1219 2327 1278 2388 188

191 2437 220 2495 l
245 2483 252 2497 .
331 2437 601 2514 Tempercmentum
613 2436 687 2495 circa
697 2438 747 2514 jus
757 2434 948 2496 interficiendi
958 2434 991 2513 in
1002 2434 1086 2494 Bello
1095 2434 1178 2512 justo
1219 2433 1278 2492 190

332 2541 604 2618 Temperomentum
619 2538 694 2597 circa
707 2538 898 2598 vastationem
913 2546 943 2598 et
955 2537 1063 2597 similia
1106 2580 1114 2596 .
1217 2536 1277 2595 229

266 2689 273 2704 .
330 2642 600 2721 Tempernmentum
616 2641 691 2700 circs
704 2661 748 2701 res
761 2642 873 2720 Coptos
969 2686 976 2700 .
1060 2687 1068 2700 .
1149 2687 1157 2700 .
1218 2641 1279 2701 248

263 2792 270 2804 .
333 2745 606 2823 Tempemmentum
620 2743 694 2803 circu
709 2742 849 2821 Captos.
930 2788 939 2802 .
1020 2788 1028 2802 .
1110 2787 1118 2802 .
1218 2743 1279 2804 254

334 2848 606 2921 Tempcrnmentnm
622 2845 696 2903 circo
711 2845 929 2921 acquisitionem
943 2845 1057 2924 imperii
1147 2891 1155 2906 .
1218 2847 1279 2907 269

265 2995 272 3008 .
334 2951 606 3028 Tempersrnentum
620 2948 696 3006 circe
708 2968 751 3018 eo,
768 2968 834 3026 quae
848 2948 920 3007 Jurs
935 2949 1076 3008 Gentium
1092 2949 1178 3010 Post·

369 3051 482 3110 liminio
495 3058 593 3110 carent
1218 3053 1276 3114 281

273 3201 281 3214 .
322 3156 381 3215 ¹De
394 3155 441 3215 bis
453 3154 504 3234 qni
520 3155 550 3214 in
564 3152 647 3213 Bello
660 3153 748 3212 medii
761 3161 832 3214 sunt
880 3199 888 3214 .
938 3199 978 3214 ..
1060 3199 1068 3215 .
1149 3201 1158 3215 .
1218 3156 1280 3217 208

282 3274 297 3316 .’
333 3259 379 3317 De
392 3259 437 3317 his
451 3277 517 3336 ques
530 3257 561 3316 in
576 3255 659 3316 Bello
673 3255 789 3334 publico
804 3256 940 3334 privatim
954 3257 1031 3319 fiunt
1106 3304 1114 3318 .
1218 3260 1280 3320 296

268 3406 276 3419 .
335 3361 381 3419 De
394 3359 466 3419 Fide
481 3360 557 3420 inter
570 3359 679 3420 Hostes
1218 3365 1279 3425 302

187 3503 202 3522 r
238 3465 262 3524 '.
333 3464 596 3541 DeFidepublica
616 3484 674 3542 qun
695 3463 812 3523 Bellum
832 3463 950 3523 finitur:
972 3466 1024 3525 ubi
1045 3468 1179 3544 deponis

370 3568 511 3658 pactione,
525 3568 562 3626 de
575 3575 659 3643 sorte,
674 3569 710 3628 de
724 3569 878 3628 certamine
892 3569 1033 3644 condicto,
1053 3572 1089 3631 de
1102 3573 1178 3631 arbi·

371 3670 437 3746 trio,
459 3670 612 3745 deditione,
634 3673 794 3744 obsidibus,
816 3672 1028 3749 pignoribus.
1110 3720 1118 3736 .
1219 3677 1280 3736 320

199 3775 245 3833 'l
269 3819 276 3833 .
335 3773 382 3834 De
396 3774 468 3833 Fide
482 3783 615 3835 manente
629 3774 722 3850 Bello,
744 3775 796 3835 ubi
810 3775 845 3834 de
859 3776 992 3851 induciis,
1005 3788 1178 3854 commeatu,

373 3879 557 3957 captiuorum
570 3879 745 3938 redemtione
787 3923 794 3938 .
1219 3885 1280 3944 363

335 3982 382 4042 De
395 3983 467 4043 Fide
480 3984 625 4042 minorum
640 3983 824 4043 Potestntum
837 3984 868 4043 in
883 3984 966 4045 Bello
1020 4034 1028 4046 .
1111 4034 1118 4048 .
1219 3989 1279 4049 383
1387 3992 1389 3995 ’

333 4086 381 4146 De
394 4086 467 4148 Fide
480 4085 601 4146 Privata
614 4086 644 4144 io
659 4085 742 4145 Bello
790 4131 1158 4152 .....
1219 4093 1280 4152 392

331 4188 378 4248 De
391 4189 464 4249 Fido
477 4190 578 4250 Tacite
1220 4195 1280 4255 400

332 4293 496 4367 Conclusio,
511 4313 577 4353 cum
592 4293 710 4354 monitis
724 4293 761 4352 ed
776 4293 863 4353 fidem
877 4302 910 4386 et
920 4315 1021 4374 paoem
1059 4342 1067 4358 .
1150 4343 1158 4358 .
1219 4299 1279 4360 404

335 4444 430 4504 Index
444 4466 539 4505 rerum
553 4447 777 4525 praecipuarum,
791 4470 826 4508 ac
840 4449 993 4510 verborum
1020 4497 1027 4512 .
1109 4498 1117 4514 .

336 4549 430 4609 Index
444 4550 635 4629 Scriptorum,
648 4558 703 4611 etc
789 4599 796 4614 .
973 4600 981 4615 .
1062 4597 1070 4613 .
1151 4599 1159 4612 .
1219 4557 1280 4617 442

337 4653 519 4741 Conspectus
533 4653 706 4715 Editionum
747 4700 755 4716 .
