3192 5334
118 242 753 281 mmm-''⁸¹‘'
822 242 873 251 ····
942 239 1123 250 ’m'

159 578 230 635 Cre.
244 571 373 644 xxm]
424 574 478 631 DE
500 573 592 631 FIDE
614 573 788 631 rursm
808 574 852 631 m
874 572 1012 631 BELLO.
1211 566 1276 632 393

160 743 338 834 magistros,
356 741 411 829 qui
423 741 584 820 docerent,
601 749 695 830 parte
712 740 920 829 publicorum
935 741 1077 810 hostibus
1088 740 1167 810 initu
1182 738 1274 810 tidem
1287 774 1343 816 sus
1353 775 1398 814 ar.

160 845 379 931 adstringere;
404 851 439 908 at
456 862 527 927 quse
543 863 565 906 a
580 841 714 929 privatis
734 842 855 923 herent,
874 864 937 908 non
951 842 1038 909 item.
1085 843 1180 921 Nam,
1203 865 1272 910 cum
1286 824 1418 919 mian

160 943 277 1032 privati
294 942 370 1031 jura
386 941 513 1031 private
530 941 669 1007 habeant
686 962 758 1028 qum
783 941 924 1031 obligare
942 948 1083 1030 possunt,
1109 952 1144 1009 et
1168 943 1275 1010 hostes
1286 917 1439 1005 md&

162 1065 293 1131 capaces
309 1042 373 1108 sint
391 1040 573 1128 acquirendi
594 1038 687 1126 juris,
706 1039 783 1127 quid
799 1063 868 1108 esse
884 1050 989 1130 potest
1010 1039 1096 1128 quod
1112 1041 1276 1132 obligatio-
1288 1080 1335 1120 ,ιη
1341 1079 1404 1126 ram,

163 1165 236 1209 nem
260 1140 438 1229 impediat?
462 1139 545 1205 edde
570 1138 655 1226 quod
680 1140 739 1206 nisi
765 1140 800 1207 id
821 1151 991 1218 statuetur,
1018 1141 1114 1208 datur
1137 1126 1395 1210 coedibustum

164 1241 293 1318 occasio,
311 1238 450 1307 libertati
466 1237 742 1326 impedimentum:
767 1262 841 1307 nam
864 1251 898 1307 et
919 1241 982 1307 illae
1001 1240 1108 1307 careri
1129 1263 1225 1331 sepe,
1242 1250 1276 1309 et

163 1343 232 1408 hee
249 1339 384 1407 obtineri
400 1360 422 1405 e
437 1336 580 1425 captivis,
598 1337 661 1404 fide
677 1339 875 1427 privatorum
890 1341 1024 1418 sublata,
1042 1362 1105 1407 non
1120 1342 1249 1430 poterit.

233 1441 278 1506 ΙΙ.
322 1440 391 1505 Imo
403 1459 467 1504 non
481 1437 565 1504 hosti
577 1446 699 1505 tantum
717 1439 770 1516 illi,
788 1461 882 1526 quem
895 1439 949 1526 jus
964 1440 1105 1530 gentium
1122 1442 1274 1532 agnoseit,

164 1541 221 1608 sed
238 1549 271 1607 et
287 1538 403 1606 latroni
419 1547 452 1606 et
467 1537 580 1625 piretus
596 1537 671 1604 data
686 1538 835 1625 privatim
852 1539 930 1605 fides
945 1540 1074 1630 obligat,
1092 1541 1223 1628 perinde
1238 1551 1276 1610 ut

165 1642 206 1708 de
226 1640 289 1709 fide
310 1638 435 1729 publica
457 1660 555 1726 supro
583 1636 727 1704 diximus.
780 1637 821 1705 Id
847 1638 988 1718 interest,
1012 1641 1097 1727 quod
1122 1641 1149 1708 ai
1174 1651 1276 1710 metus
1290 1669 1400 1718 sumu
1410 1669 1441 1709 rr.

164 1741 300 1828 injustus
316 1741 358 1806 ab
374 1739 475 1805 altero
497 1737 637 1804 incussus
660 1736 821 1825 impulerit
841 1737 883 1804 ad
904 1739 1161 1825 promittendum,
1177 1741 1205 1808 is
1220 1741 1276 1831 qui
1288 1717 1430 1813 stema

164 1840 308 1929 promisit
320 1847 430 1927 petere
447 1837 686 1913 restitutionem,
700 1846 765 1914 ant,
783 1836 811 1902 si
826 1837 908 1903 aiter
924 1837 1012 1914 nolit,
1030 1837 1090 1905 sibi
1107 1860 1177 1906 cem
1191 1862 1277 1929 prse-

165 1951 251 2008 stcre
269 1947 383 2029 potest
430 1936 524 2017 Quod
538 1937 572 2003 in
589 1945 675 2003 metu
692 1936 882 2024 procedente
899 1957 941 2002 ex
960 1935 1041 2004 bello
1058 1937 1181 2026 publico
1193 1939 1277 2029 juris
1288 1975 1440 2022 oram

165 2039 308 2129 gentium
323 2038 426 2105 iocum
440 2037 622 2104 nonhabet
666 2036 759 2115 Quod
776 2035 803 2100 si
820 2045 853 2103 et
863 2035 1084 2122 jusjurandum
1100 2039 1275 2120 coement.
1286 2025 1441 2119 mette.

161 2141 230 2227 jam
254 2138 379 2206 omnino
401 2137 486 2225 quod
506 2135 691 2224 promissum
708 2145 757 2202 est
774 2135 987 2223 prestandum
1010 2136 1073 2203 erit
1096 2137 1139 2205 ab
1161 2160 1199 2206 eo
1222 2116 1439 2228 quidum

165 2238 318 2327 promisit,
346 2237 373 2304 si
400 2235 530 2325 perjurii
556 2235 674 2302 crimen
700 2235 841 2323 effugere
864 2234 959 2302 volet.
1006 2235 1071 2302 Sed
1092 2237 1157 2304 telo
1172 2239 1279 2327 perju-

166 2339 250 2405 rium
266 2339 293 2404 si
310 2340 343 2404 in
359 2338 481 2403 hostem
498 2334 655 2422 publicum
675 2334 870 2400 commissum
887 2334 938 2410 sit,
956 2334 1062 2423 puniri
1082 2336 1124 2403 ab
1146 2337 1280 2405 homini·

168 2440 229 2506 hus
244 2437 343 2505 solet:
369 2436 396 2503 si
417 2435 451 2502 in
471 2435 611 2502 latrones
635 2444 692 2501 aut
713 2433 844 2521 piratas,
866 2432 1054 2500 dissimulari
1071 2435 1144 2503 odio
1158 2457 1278 2518 eorm,

167 2559 301 2626 quorum
317 2535 512 2604 commodum
528 2532 645 2623 egitur.

242 2639 305 2702 111.
345 2637 384 2702 In
399 2636 459 2701 hac
475 2655 600 2723 quoque
614 2632 739 2722 privata
755 2632 818 2700 fide
835 2632 986 2701 minorem
1001 2656 1064 2700 non
1079 2636 1279 2728 excipiemus,

169 2736 225 2825 qni
240 2736 307 2824 ejus
323 2745 424 2803 status
440 2743 499 2812 est,
522 2742 558 2800 ut
581 2741 687 2800 actum
703 2732 869 2822 intelligat.
920 2735 1003 2800 Nam
1020 2757 1093 2822 qum
1108 2736 1280 2804 minoribus

169 2836 334 2903 consulunt
348 2833 508 2911 beneficia,
526 2853 567 2899 ex
579 2831 654 2920 juro
668 2842 743 2899 sunt
757 2832 850 2898 civili.
902 2833 934 2898 N
936 2855 971 2899 os
993 2832 1034 2901 de
1048 2834 1123 2922 jure
1139 2835 1281 2927 gentium

193 2957 348 3001 uer-rimus.

169 2958 193 3023 q
245 3035 303 3102 IV.
351 3035 395 3099 Et
411 3033 452 3101 de
468 3052 577 3098 errore
592 3030 667 3098 alibi
683 3029 829 3118 diximus,
853 3029 901 3098 ita
918 3031 973 3121 jus
989 3032 1067 3101 dere
1083 3054 1104 3101 a
1119 3043 1282 3105 contractu
1295 3063 1446 3119 mensure

172 3307 265 3384 whom
277 3304 579 3386 ihQQQfiQ
592 3305 805 3383 aeknopledgffi
820 3324 851 3363 ss
866 3306 945 3373 such,
955 3308 1008 3364 but
1019 3325 1090 3388 cre-n
1096 3315 1137 3385 to
1148 3327 1166 3366 a
1179 3295 1285 3368 rohhor¹

173 3412 208 3449 or
221 3382 359 3465 upimte3
377 3409 407 3446 es
420 3392 544 3448 weltere
572 3393 596 3446 a·
832 3381 1285 3468 ukingofpuhlicfaithss'hhcre

161 3465 441 3546 madrariam,
456 3479 520 3533 that
532 3479 558 3532 if
567 3495 603 3532 nn
613 3480 709 3549 unjust
721 3480 791 3543 sear,
800 3480 956 3552 impressed
967 3480 1005 3552 hy
1012 3480 1141 3548 another,
1151 3481 1203 3538 hos
1210 3483 1285 3539 been

174 3567 224 3622 tbo
241 3565 319 3620 sorec
337 3564 483 3636 impelling
503 3572 533 3619 to
554 3564 604 3619 the
622 3565 754 3635 promise,
766 3564 805 3620 bc
819 3565 882 3620 who
904 3566 988 3621 made
1010 3566 1060 3622 the
1078 3568 1202 3638 promise
1218 3585 1286 3641 may

174 3652 243 3709 eeek
256 3653 434 3715 restitution3
456 3668 490 3706 or
508 3651 534 3705 if
551 3649 601 3705 tlrc
617 3650 700 3705 other
716 3651 771 3704 will
786 3658 837 3706 not
852 3653 916 3723 gire
930 3653 961 3715 it,
982 3669 1048 3724 may
1065 3653 1133 3708 take
1147 3654 1171 3708 it
1187 3653 1227 3728 by
1240 3653 1286 3710 bis

174 3756 238 3795 own
249 3755 353 3811 power.
366 3742 369 3750 '
386 3736 538 3823 Εἰς-(ἔσω
552 3743 605 3791 not
619 3736 687 3791 hold
704 3738 734 3790 in
748 3738 798 3791 the
814 3754 878 3796 ense
898 3737 933 3791 ot'
950 3737 1199 3816 Ἥρᾳ-ΨΜ
1209 3735 1287 3796 from

175 3803 1054 3898 Qbimcdfflfflnedut
1071 3825 1098 3881 ir*
1110 3841 1148 3880 an
1165 3825 1235 3881 cath
1247 3827 1287 3901 ba

174 3910 278 3976 added,
295 3910 333 3966 he
354 3909 416 3966 who
437 3909 581 3984 promised
598 3914 674 3963 must
696 3909 734 3980 by
755 3907 793 3962 all
816 3925 913 3964 means
930 3909 1156 3981 perfonn'rrhat
1174 3910 1214 3969 he
1233 3911 1287 3971 hon

175 3996 328 4073 promised,
336 3995 363 4051 if
373 3997 410 4052 he
418 3996 519 4052 wishes
530 4003 561 4051 to
573 4011 674 4068 escape
687 3994 736 4050 the
748 3995 836 4050 crime
850 3995 884 4050 of
894 3998 1018 4069 perjury.
1049 3998 1107 4053 Yet
1115 3998 1184 4054 cuch
1195 4001 1287 4072 aperss

172 4086 248 4158 jury,
261 4082 287 4136 if
298 4083 465 4138 committed
479 4083 600 4138 towards
612 4099 649 4136 an
666 4097 777 4152 enemy,
790 4081 815 4135 is
827 4082 988 4154 commonly
1001 4083 1141 4155 punishcd
1151 4085 1190 4158 by
1203 4102 1288 4156 men3

176 4170 203 4226 if
220 4170 245 4224 it
261 4168 299 4223 bc
312 4167 479 4223 committed
494 4170 605 4238 against
618 4166 735 4222 robbers
753 4183 786 4221 or
800 4168 915 4239 pirates,
932 4169 956 4222 it
976 4169 1000 4224 is
1021 4170 1184 4244 commonly
1205 4187 1288 4228 over·

176 4255 289 4318 looiied,
301 4254 332 4308 in
346 4269 540 4326 consequence
552 4253 585 4308 of
597 4253 647 4308 the
661 4252 763 4307 hatred
775 4253 865 4309 borne
880 4260 910 4309 to
924 4253 994 4308 such
1008 4271 1134 4328 persons.

177 4330 179 4334 Α
232 4341 286 4396 ΙΠ.
331 4339 366 4394 In
385 4340 442 4394 this
462 4356 526 4394 caso
554 4339 586 4393 of
610 4340 720 4411 privato
739 4338 812 4393 seith
830 4356 872 4395 vro
895 4339 933 4393 do
952 4347 1004 4395 not
1026 4348 1130 4415 except
1147 4357 1166 4397 s
1182 4342 1287 4413 bsrnor,
1311 4378 1313 4385 ι

177 4427 242 4483 who
263 4427 335 4481 isin
357 4426 427 4481 such
446 4442 465 4480 e
482 4426 627 4480 condition
648 4424 712 4480 that
733 4425 771 4480 he
789 4425 979 4482 understands
1000 4426 1050 4482 tha
1072 4435 1126 4484 act.
1163 4428 1222 4484 For
1238 4429 1290 4486 the

177 4515 345 4570 allownnees
360 4511 450 4567 which
468 4527 518 4567 are
537 4511 620 4567 mado
639 4517 669 4566 to
690 4513 797 4567 minora
819 4528 869 4567 ero
891 4511 975 4567 made
995 4513 1034 4587 by
1053 4513 1103 4568 the
1122 4514 1194 4570 civit
1210 4515 1287 4572 Lar.

178 4601 244 4658 And
256 4616 297 4656 wo
311 4615 361 4655 are
375 4615 439 4654 now
453 4598 632 4670 considering
642 4596 693 4654 the
707 4598 810 4654 results
822 4598 856 4654 of
866 4598 917 4655 the
928 4599 996 4653 st
1008 4599 1042 4654 os
1052 4600 1183 4656 Netiom.

235 4687 286 4742 IV.
332 4685 412 4741 With
424 4685 526 4758 regerd
540 4692 571 4741 to
582 4685 680 4763 pgr-or,
691 4702 733 4741 ue
744 4685 818 4742 here
829 4684 981 4742 elsewhere
995 4685 1057 4741 said
1068 4686 1132 4743 thot
1143 4687 1225 4744 thero
1235 4689 1260 4746 is
1271 4700 1301 4747 ι’

178 4772 257 4848 right
268 4772 302 4828 of
316 4772 450 4844 receding
460 4772 535 4827 from
547 4788 564 4828 s
575 4763 712 4837 crffit‘rd'et,
732 4772 758 4827 if
773 4771 837 4829 thet
848 4771 940 4828 rrhich
951 4790 1008 4828 wne
1021 4772 1060 4847 hy
1071 4790 1152 4830 error
1164 4774 1248 4848 giren
1259 4778 1290 4834 in
