3192 5334
208 471 276 527 (ise.
290 467 328 540 1.]
373 471 545 527 REGULAE
569 469 801 528 GENERALES
823 472 878 528 EX
900 473 1001 530 tutte
1023 474 1208 534 NATL'RAE.
1283 466 1327 534 37

208 637 289 732 rrpds
307 635 384 712 ‘rods
404 635 572 720 ὑπηκόους·
598 662 663 706 non
680 640 793 707 dehere
811 662 914 726 repem
939 646 1033 728 apud
1053 645 1201 711 subditos
1224 644 1326 709 alittd

208 763 308 826 qurum
331 763 442 806 oerum
467 743 581 826 eloqui.
633 739 843 805 Mamertinus
868 740 909 806 de
928 741 1077 809 iuliano:
1104 747 1195 810 mira
1215 755 1263 811 est
1287 746 1325 809 in
1337 757 1456 844 geue
1425 757 1471 796 sut

202 842 357 927 principe
386 855 495 907 nostro
524 843 640 908 rueretis
667 843 849 925 linpuceque
879 865 994 909 concor
995 846 1066 909 deo
1117 846 1196 911 Non
1230 846 1325 910 modo

207 943 343 1007 horridis
359 954 390 1007 et
400 945 507 1028 porei
527 945 645 1018 unicui,
668 944 725 1008 scd
744 954 775 1008 et
792 943 954 1008 seruile
934 945 1053 1009 citium
1074 945 1137 1010 scit
1153 966 1219 1012 esse
1238 967 1324 1010 men·

206 1044 363 1108 dacium:
380 1056 410 1108 ct
425 1065 497 1108 vere
513 1066 585 1109 curu
601 1045 770 1109 mendaces
782 1044 926 1110 homiues
943 1057 1003 1109 out
1018 1047 1135 1130 iuopia
1147 1057 1208 1109 aut
1225 1047 1324 1110 timor

196 1145 326 1229 sociat,
348 1145 609 1228 utaprsitudinem
621 1145 772 1228 fortunus
795 1166 864 1209 suoe
882 1146 1063 1231 imperator
1079 1144 1142 1309 οιιδί
1166 1145 1323 1210 mentitur

206 1246 349 1328 iprrorot.
403 1242 568 1308 Laudatur
597 1243 767 1308 Plutarcho
798 1242 946 1308 Aristidis
950 1234 1137 1410 diocesi
1107 1239 1255 1336 ιρυμέιη
1287 1239 1460 1316 ἔννομοι

207 1339 278 1424 ἤθει
299 1339 435 1432 βεβαίῳ
458 1341 510 1410 soi
534 1337 616 1436 πρός
642 1337 681 1410 rei
709 1335 830 1412 ciuntur
855 1338 984 1424 (irensis,
1004 1335 1093 1434 deii
1093 1373 1126 1416 or
1152 1335 1177 1411 δ’
1197 1336 1303 1413 oid
1285 1375 1323 1414 εν

170 1528 177 1534 ,
207 1437 334 1517 παιδιᾶς
352 1473 417 1511 τινι
434 1472 553 1537 τροπῳ
571 1439 779 1536 προσιεμένη
805 1446 971 1528 impertirem
989 1467 1115 1510 moretm
1131 1448 1323 1512 cortstantt‘a

199 1548 392 1630 preditum,
421 1557 452 1610 et
467 1545 555 1630 justi
581 1557 687 1622 torrae,
716 1544 882 1610 urendocii
904 1546 1006 1609 etium
1030 1547 1068 1609 in
1084 1544 1161 1628 joco
1172 1547 1322 1632 fugietis.

207 1645 257 1710 De
275 1645 495 1732 Epaminonda
512 1645 655 1711 Probus:
681 1646 763 1710 odeo
786 1644 940 1709 ueritatis
959 1637 1110 1729 ditique,
1135 1653 1173 1710 ut
1194 1668 1233 1712 ue
1245 1647 1459 1750 jeconam

187 1755 189 1757 ’
206 1746 338 1832 quidem
354 1748 556 1812 mentiretur.

280 1846 301 1909 2
337 1845 430 1922 Quod
447 1867 504 1932 pro
506 1845 586 1911 iecto
613 1841 798 1912 Christianis
824 1864 861 1909 eo
884 1843 984 1931 magis
1009 1842 1238 1911 observandum
1261 1855 1320 1923 est,

206 1943 299 2032 ⁹quia
315 1943 390 2032 ipsis
415 1967 478 2010 non
495 1944 674 2033 simplicitas
696 1953 819 2010 tantum
837 1943 993 2031 imperata
1014 1952 1064 2009 est
1080 1944 1199 2012 Matth.
1215 1967 1246 2011 x.
1265 1949 1320 2026 16,

205 2045 261 2110 sed
275 2054 308 2111 et
321 2044 554 2159 vaniloquentia
566 2043 734 2110 interdicta
747 2043 862 2109 Matth.
874 2043 927 2108 xii.
940 2046 995 2121 36,
1014 2054 1047 2110 et
1058 2043 1085 2110 is
1097 2043 1130 2110 in
1142 2045 1321 2135 exemplum

205 2144 394 2233 propositus,
414 2144 446 2210 in
468 2168 514 2231 qu
518 2168 554 2210 us
571 2167 626 2210 ore
649 2143 738 2210 dolus
760 2143 907 2210 inventus
924 2165 987 2209 non
1011 2153 1069 2213 est.
1118 2146 1319 2214 Lactantius:
1311 2169 1467 2209 meana

205 2249 324 2334 Itaque
353 2248 465 2312 uiator
493 2168 551 2312 ille
579 2267 675 2312 oerum
704 2266 746 2311 oo
770 2244 884 2330 justus
916 2267 982 2310 non
1010 2247 1097 2311 dicet
1128 2246 1215 2314 illud
1249 2250 1444 2379 Leo-rpem.
1453 2269 1481 2308 e.

205 2347 391 2412 silianum:

357 2450 475 2505 Homini
489 2450 581 2505 amico
595 2466 629 2505 ao
643 2450 777 2505 iamihari
791 2466 850 2505 non
864 2454 908 2505 est
923 2450 1038 2506 mentiri
1052 2468 1156 2508 meum.

204 2552 274 2618 Sed
289 2553 390 2616 etiam
411 2551 546 2615 inimico
564 2561 661 2635 atque
677 2551 787 2635 iynoto
804 2551 1008 2616 eoistimooit
1023 2574 1088 2617 oon
1104 2573 1170 2619 esse
1186 2553 1322 2619 mentiri

204 2671 322 2716 suum:
347 2671 405 2715 neo
422 2650 608 2733 aliquando
625 2652 811 2726 committet,
835 2663 873 2715 at
890 2651 1007 2736 linqua
1029 2653 1191 2738 interpres
1213 2654 1323 2719 animi

204 2773 228 2816 o
255 2762 410 2817 consuet
438 2751 634 2834 copitatione
663 2751 837 2816 discordet.
890 2749 976 2814 Talis
1005 2759 1054 2817 est
1082 2749 1116 2816 in
1144 2753 1322 2819 Philoctete

206 2851 261 2936 Se⁵
271 2850 369 2915 hoelis
385 2849 610 2936 Neoptolemus
627 2844 857 2944 ὑπερβάλλων
879 2845 1055 2930 ἁπλότητι
1078 2847 1131 2919 uui
1154 2846 1320 2943 eri‘yevsip,

203 3025 243 3058 eos
259 3010 390 3057 illiberales
407 3011 546 3071 servilisque
560 3011 636 3058 animi
649 3019 736 3058 uocare
832 3009 925 3056 ’Nihil
945 3009 999 3056 heic
1017 3009 1096 3070 poscit
1119 3010 1217 3072 Religio
1238 3011 1322 3060 Chris·

201 3087 284 3133 solent.
307 3085 398 3146 [Locus
413 3086 537 3134 Plutarchi
551 3092 631 3133 exstat
646 3087 670 3132 in
682 3087 735 3133 Lib.
787 3085 855 3131 tima
867 3084 933 3130 nitra
946 3085 979 3142 id,
994 3086 1059 3146 qnod
1074 3085 1142 3146 Lege
1155 3086 1323 3134 mutunus·

203 3162 244 3209 De
257 3161 336 3210 Educ.
349 3162 431 3209 liber.
448 3175 506 3223 pag.
518 3165 547 3209 11
561 3174 584 3209 e.
600 3161 670 3209 Edit.
684 3161 735 3210 We·
787 3159 859 3206 citur.
888 3159 1001 3208 Diximus
1015 3161 1087 3222 plura
1103 3161 1129 3207 in
1144 3159 1217 3208 Notis
1232 3161 1323 3210 normis

203 3238 262 3286 chel.
274 3237 343 3286 Tem.
353 3250 383 3286 11.
412 3235 496 3298 J.B.]
789 3233 897 3283 Gallicis.
926 3234 997 3284 m.

203 3458 332 3515 lostiness
350 3458 385 3513 of
400 3446 487 3524 mind,
502 3458 558 3514 and
577 3460 739 3516 sometimes
759 3458 836 3514 from
854 3476 873 3514 a
890 3457 1054 3516 confidenec
1071 3459 1102 3513 in
1119 3458 1170 3515 the
1187 3459 1319 3532 strength

204 3545 238 3601 oi
263 3544 313 3600 tho
335 3546 476 3617 speaker„
509 3547 544 3600 In
565 3545 649 3600 Elian
672 3563 713 3601 nc
736 3546 810 3602 hare
839 3563 856 3600 a
885 3546 984 3618 saying
1002 3545 1036 3600 of
1051 3532 1236 3616 Pythagoras,
1253 3545 1318 3601 that

204 3649 271 3687 men
294 3633 438 3704 approach
465 3638 495 3687 to
521 3631 571 3688 tho
597 3633 667 3704 gods
689 3633 859 3705 principally
882 3632 921 3704 by
944 3637 1000 3686 tro
1021 3631 1133 3703 things3
1154 3631 1194 3704 by
1215 3631 1319 3705 always

204 3719 340 3792 speaking
354 3718 404 3773 tho
419 3718 507 3780 truth,
521 3720 578 3773 and
593 3719 631 3791 by
646 3719 733 3792 doing
746 3719 822 3791 good
838 3727 867 3775 to
885 3718 998 3784 others3
1017 3718 1073 3773 and
1093 3719 1123 3771 in
1140 3717 1319 3775 Jamblichus

136 3823 138 3826 ’
204 3806 329 3877 veracity
343 3805 367 3859 is
389 3804 480 3859 called
500 3804 549 3860 tho
567 3805 665 3861 leader
686 3812 717 3861 ιο
737 3807 776 3860 all
801 3806 896 3861 divine
916 3805 973 3860 and
991 3803 1099 3859 human
1117 3805 1193 3876 good
1210 3804 1315 3879 things.

205 3893 244 3948 So
259 3892 395 3947 Aristotle
409 3908 472 3961 says
487 3891 550 3946 that
564 3891 614 3948 tho
629 3894 841 3964 mconnnimous
856 3910 924 3946 maa
942 3893 1009 3946 loves
1027 3900 1053 3945 to
1069 3891 1152 3963 spenlc
1170 3893 1247 3964 truly
1260 3893 1320 3948 ond

195 3981 307 4054 sreely5
326 3977 472 4042 Plutarch,
491 3977 554 4033 that
573 3987 599 4033 to
615 3978 648 4034 lie
663 3981 686 4034 is
699 3980 809 4034 slauish.
849 3980 887 4034 So
902 3978 1005 4032 Arrian
1024 3977 1058 4032 of
1069 3979 1201 4051 Ptolcmy
1215 3978 1270 4033 and
1286 3977 1322 4034 oi

203 4065 380 4131 Alexander3
398 4065 584 4120 Mamertinus
600 4065 633 4119 oi
643 4066 663 4120 J
665 4066 757 4130 ulian3
775 4083 807 4121 so
819 4064 956 4120 Plutarch
972 4062 1006 4118 of
1016 4063 1163 4130 Aristides,
1174 4065 1231 4120 and
1243 4066 1317 4121 Pro·

203 4151 300 4210 hus'of
311 4151 531 4226 Epaminondas,
543 4150 607 4205 that
621 4151 689 4224 they
704 4152 798 4206 would
812 4158 863 4206 not
878 4151 915 4206 lie
930 4167 1001 4205 oren
1015 4149 1045 4204 in
1056 4151 1123 4222 jest.

259 4247 277 4295 2
307 4239 372 4295 And
393 4238 449 4294 this
473 4239 496 4293 is
519 4238 577 4293 still
596 4244 724 4292 moreto
743 4238 780 4292 be
798 4237 933 4293 obserred
949 4237 988 4308 by
1003 4237 1168 4304 Christiane,
1179 4243 1210 4295 to
1224 4237 1319 4294 whom

203 4334 255 4383 not
277 4328 345 4400 only
362 4325 515 4398 simplicity
529 4325 553 4378 is
568 4324 764 4388 commanded,
782 4324 866 4379 Matt.
880 4341 907 4378 s.
923 4328 965 4388 16,
979 4323 1032 4380 λοι
1049 4325 1108 4380 also
1130 4326 1196 4380 rain
1216 4324 1319 4398 spark.

202 4416 252 4486 ing
273 4413 454 4476 interdicted‚
475 4411 559 4466 Mart.
576 4411 623 4465 xii.
641 4415 694 4476 363
717 4409 775 4464 and
796 4409 834 4466 ho
855 4410 995 4482 proposed
1014 4428 1045 4465 as
1067 4428 1105 4466 an
1126 4411 1264 4482 example,
1286 4411 1318 4465 in

162 4538 163 4541 η
202 4500 297 4556 whose
327 4499 428 4554 mouth
455 4514 510 4553 was
537 4497 626 4552 found
647 4513 685 4551 no
707 4497 793 4568 guile.
841 4497 880 4552 So
908 4497 1074 4552 Lactantius
1097 4513 1160 4570 says
1188 4496 1253 4552 that
1272 4483 1343 4651 ὀἳ

202 4593 279 4643 must
301 4593 351 4643 not
373 4585 410 4640 be
432 4592 550 4640 content
567 4583 634 4639 with
652 4583 753 4655 tolling
770 4583 851 4640 truth
868 4590 900 4639 ιο
924 4601 977 4638 our
998 4583 1116 4650 friends,
1132 4583 1186 4640 but
1204 4584 1264 4639 also
1286 4589 1317 4639 to

158 4645 169 4717 l
202 4681 345 4747 stringere
362 4673 420 4729 and
438 4671 572 4729 onomius.
613 4671 652 4726 So
673 4670 879 4744 Neoptolemus
902 4669 1091 4726 isdescribed
1107 4671 1137 4727 in
1152 4670 1318 4745 Sophocce,

161 4742 171 4760 ⁶
201 4751 546 4781 Qun-na·—
