3192 5334
311 563 331 628 6
571 572 766 640 QUANTUM
787 573 831 629 m
853 572 979 628 BELLO
1002 573 1150 639 elenen,
1280 573 1356 645 [Lis.
1367 576 1423 632 111.

149 759 262 848 ‚qu-e.
310 738 385 808 alibi
401 739 585 808 notavimus.
636 741 680 807 Et
701 746 808 806 tamen
824 738 877 806 ille
892 737 959 827 ipse
975 740 1073 816 Deus,
1097 739 1256 808 hominum
1273 763 1330 807 suo
1348 741 1425 829 jure

312 841 464 920 dominus,
490 842 531 908 ob
554 840 751 931 paucissimos
768 840 866 933 bonos
882 861 1013 928 parcere
1035 839 1115 907 solet
1131 841 1273 929 quamvis
1299 865 1424 932 magnae

312 941 466 1009 melorum
490 942 696 1019 universitati,
723 950 756 1008 et
778 964 816 1007 eo
841 963 939 1016 suam,
957 962 1020 1028 qua
1039 941 1139 1027 judex
1157 951 1214 1018 est,
1242 944 1424 1030 inquitatem

313 1051 462 1110 testatam
478 1043 562 1120 facit,
585 1051 622 1110 ιιι
638 1042 812 1109 Abrabami
833 1064 903 1107 cum
925 1042 996 1106 Deo
1012 1042 1197 1129 colloquium
1214 1044 1255 1110 de
1278 1042 1424 1110 Sodomis

313 1153 425 1231 aperte
441 1165 499 1210 nos
515 1143 615 1210 docet.
667 1146 711 1209 Et
728 1165 769 1208 ex
785 1143 834 1208 liis
851 1142 977 1230 quidem
994 1143 1193 1232 generalibus
1209 1144 1327 1235 regulis
1349 1165 1425 1234 rog·

314 1242 400 1310 nosci
416 1251 522 1330 potest
536 1253 686 1330 quantum
703 1243 735 1308 in
750 1243 873 1309 hostem
887 1243 981 1309 liceat
996 1244 1192 1310 naturaliter.

305 1404 310 1409 .
389 1344 431 1411 V.
464 1345 482 1407 l
515 1345 625 1410 Sedet
641 1344 772 1431 quoestio
790 1343 928 1409 incidero
942 1345 1030 1421 solet,
1047 1345 1124 1431 quid
1140 1345 1232 1412 liceat
1248 1345 1282 1410 in
1298 1367 1353 1411 eos
1368 1343 1426 1432 qui

313 1443 422 1509 hostes
435 1464 500 1509 non
521 1453 603 1520 sunt,
627 1455 683 1510 aut
699 1445 760 1510 dici
777 1445 896 1522 nolunt,
914 1445 970 1511 scd
987 1445 1128 1510 hostibus
1146 1468 1198 1511 res
1214 1445 1334 1532 aliquas
1350 1447 1429 1511 sub-

313 1542 502 1610 ministrant.
554 1545 637 1608 Nam
655 1553 687 1610 et
704 1545 775 1610 olim
797 1555 830 1611 ot
846 1566 947 1632 nuper
964 1545 1005 1610 do
1020 1566 1059 1610 ee
1078 1567 1115 1609 re
1133 1546 1249 1612 acriter
1269 1555 1425 1612 certatum
1494 1600 1501 1612 ,

313 1642 437 1721 seimus,
463 1664 533 1719 eum
549 1643 602 1710 alii
628 1645 701 1710 bclli
725 1645 873 1734 rigorem,
899 1644 952 1711 alii
967 1645 1221 1711 commerciorum
1245 1645 1426 1712 libertatem

313 1743 531 1813 defenderent.
1426 1788 1429 1794 ·

386 1846 409 1911 2
440 1844 579 1911 Primum
595 1844 849 1934 distinguendum
864 1845 948 1912 inter
962 1868 1014 1912 res
1027 1845 1120 1933 ipsas.
1154 1845 1236 1911 Sunt
1252 1843 1334 1911 enim
1351 1867 1426 1933 quae

313 1943 348 2012 in
363 1944 446 2012 bello
463 1954 585 2012 tantum
601 1968 691 2011 usum
709 1947 836 2021 habent,
852 1956 889 2012 ιιι
905 1968 1014 2013 armat
1031 1954 1105 2012 sunt
1121 1967 1191 2032 quae
1208 1947 1241 2011 in
1257 1946 1339 2012 bello
1355 1947 1427 2012 nul·

313 2044 380 2111 lum
395 2045 513 2112 habent
528 2068 627 2121 usum,
645 2053 682 2110 ut
698 2066 768 2132 quae
786 2047 939 2133 voluptati
956 2046 1149 2112 inserviunt:
1169 2055 1241 2112 sunt
1258 2068 1329 2134 quae
1341 2055 1374 2113 et
1390 2047 1426 2112 in

313 2144 397 2212 bello
422 2154 455 2212 et
476 2155 569 2212 extra
593 2144 709 2210 bellum
732 2167 822 2210 usum
844 2146 971 2224 babent,
998 2157 1034 2213 ιιι
1050 2147 1199 2235 pecunias,
1223 2155 1424 2226 commeatus,

313 2249 437 2324 ‘naves
460 2255 495 2313 et
510 2267 582 2333 quae
604 2246 737 2312 navibus
754 2246 879 2314 adsunt.
932 2249 971 2313 ln
988 2248 1089 2336 primo
1111 2269 1228 2333 genere
1244 2269 1354 2314 rerum
1374 2257 1426 2313 ost

149 2365 269 2454 meh
313 2345 431 2413 dictum
444 2346 691 2412 Amalasuinthae
706 2346 747 2412 ad
762 2346 985 2425 lastinianum,
1002 2348 1035 2411 in
1047 2348 1182 2413 hostium
1198 2370 1266 2414 esse
1282 2347 1426 2435 partibus

314 2446 369 2534 qui
385 2446 427 2512 ad
444 2446 559 2512 bellum
576 2446 750 2512 necessaria
773 2446 856 2512 hosti
873 2448 1079 2514 administrat.
1131 2448 1307 2514 Secundum
1325 2468 1426 2536 genus

149 2567 301 2618 mmor
313 2546 474 2634 querelam
485 2548 665 2613 nonhabet.
702 2547 754 2612 Sic
770 2546 890 2613 Seneca
902 2557 1039 2636 tyranno
1052 2548 1187 2636 gratiam
1202 2569 1237 2614 se
1251 2548 1426 2613 relaturum

277 2680 278 2684 ¹
313 2647 369 2726 ait,
395 2637 443 2713 ἀεὶ
468 2647 650 2714 beneficium
672 2647 718 2712 illi
741 2668 845 2734 neque
870 2647 954 2714 vires
979 2647 1114 2736 majores
1138 2649 1286 2715 daturum
1311 2647 1426 2714 estad

356 2832 369 2859 θ
383 2822 471 2871 Nares
484 2829 507 2871 et
516 2839 566 2885 quc
580 2822 681 2870 nuribus
693 2821 791 2884 adsunt]
808 2824 844 2870 A.
894 2830 959 2873 astes
968 2825 1000 2872 ad
1009 2825 1180 2887 Aristophanis
1193 2826 1270 2872 ιιιιιει
1283 2829 1308 2871 et
1320 2823 1423 2885 equites.

312 2900 392 2948 thema
411 2899 554 2961 α’πόρρητα,
570 2900 595 2945 id
613 2904 658 2956 est,
674 2900 742 2946 evehi
759 2901 843 2955 vetita,
896 2897 937 2957 [ln
956 2897 1043 2958 Equit.
1063 2911 1124 2944 vers.
1141 2899 1195 2945 282.
1225 2898 1255 2944 In
1274 2897 1376 2944 Scholiis
1391 2897 1426 2944 sd

312 2975 373 3034 bns,
390 2980 465 3034 atres,
481 2975 585 3036 lignum,
600 2988 663 3032 cera,
676 2974 728 3034 pix.
752 2974 845 3022 Scholi·
894 2972 976 3019 Nubes
986 2973 1047 3019 nihil
1056 2974 1102 3020 hae
1112 2973 1143 3021 ds
1152 2988 1194 3022 re:
1206 2975 1249 3021 sed
1258 2973 1335 3022 rolrrit
1344 2973 1426 3021 dicare

312 3223 385 3280 baro
396 3222 547 3280 elsewhere
562 3222 718 3296 explained.
749 3222 815 3279 And
830 3241 900 3279 even
910 3225 974 3280 God
985 3223 1107 3288 hinnali,
1119 3222 1181 3278 who
1193 3223 1216 3279 is
1228 3222 1278 3278 the
1293 3239 1427 3296 supreme

311 3310 389 3366 Lord
402 3310 436 3366 of
447 3327 521 3376 men,
536 3311 615 3365 often
628 3327 723 3382 speres
739 3310 788 3365 tlre
804 3311 893 3365 whole
907 3311 992 3382 body,
1006 3310 1115 3381 though
1131 3310 1217 3382 large,
1232 3311 1278 3365 sor
1292 3310 1341 3365 the
1356 3311 1426 3366 sake
1482 3332 1487 3351 ·

313 3397 348 3452 of
357 3415 376 3452 a
388 3397 444 3453 few
454 3397 529 3470 good
541 3414 624 3461 men;
646 3397 704 3451 and
723 3397 788 3452 thus
808 3398 954 3453 manifesta
966 3398 1010 3452 his
1022 3399 1119 3468 cquity
1131 3414 1162 3451 as
1176 3415 1194 3450 a
1204 3397 1293 3468 judge
1304 3417 1312 3462 3
1330 3415 1361 3454 as
1374 3397 1426 3454 the

313 3483 444 3556 dialogus
455 3483 489 3539 of
499 3483 563 3538 (lod
576 3483 643 3537 with
655 3483 798 3538 Abraham
811 3485 981 3555 concerning
992 3483 1098 3538 Sodom
1109 3484 1217 3555 plaInly
1228 3484 1325 3539 shews.

366 3571 454 3626 From
468 3570 548 3624 these
560 3571 676 3642 general
690 3572 766 3627 rules
788 3587 831 3626 we
846 3588 973 3642 moysee
996 3570 1070 3626 what
1093 3571 1117 3625 is
1138 3570 1234 3625 laniul
1255 3571 1366 3643 against
1386 3587 1427 3626 an

312 3674 415 3730 enemy
427 3657 465 3730 by
479 3657 602 3712 Natural
615 3657 691 3713 Lan.

365 3743 403 3800 V.
442 3749 457 3810 1
484 3744 540 3809 flet
562 3742 610 3799 the
625 3746 754 3816 question
770 3744 849 3810 often
867 3743 962 3814 arisrs
981 3742 1091 3798 vibatis
1105 3741 1201 3812 laniul
1214 3750 1325 3816 pgainsp
1344 3742 1427 3800 those

312 3829 376 3885 who
388 3838 501 3886 arenot
520 3830 1357 3895 enemiesoruilinotnltourhcmsolrrmbesomueo,
1372 3831 1427 3886 but

312 3915 506 3993 'mysos
529 3933 582 3970 our
605 3917 728 3971 enemies
744 3916 811 3970 with
828 3933 860 3971 su
902 3917 952 3971 lies
968 3917 1001 3972 of
1018 3918 1128 3971 various
1150 3917 1263 3980 kinds„
1288 3918 1356 3972 This
1373 3917 1426 3973 bas

311 4002 386 4060 been
408 4019 426 4057 a
449 4003 530 4075 point
553 3991 668 4076 sliarply
689 4004 846 4068 contestcd,
870 4004 940 4058 both
961 4004 1104 4075 anciently
1124 4003 1181 4057 and
1205 4003 1426 4076 recont1530ne

311 4097 397 4164 party
411 4089 565 4161 deiending
580 4089 630 4145 tho
645 4090 773 4162 rigorous
787 4090 877 4163 rights
890 4090 923 4146 oi
934 4108 1000 4156 war,
1014 4090 1064 4147 the
1078 4089 1170 4155 other,
1185 4089 1234 4146 the
1246 4091 1375 4146 freedom
1394 4091 1431 4148 of

311 4193 479 4234 commerce.

370 4269 389 4319 2
410 4264 446 4318 In
467 4263 517 4319 tho
536 4263 598 4318 first
617 4263 707 4336 place,
727 4279 769 4319 we
783 4269 859 4319 must
871 4264 954 4320 make
969 4282 987 4319 a
1001 4263 1165 4320 distinction
1179 4280 1210 4319 as
1225 4270 1256 4320 to
1267 4263 1318 4319 tho
1330 4263 1426 4336 things

345 4349 451 4424 pplied.
495 4351 554 4405 For
573 4351 655 4405 thero
673 4351 1274 4426 nfflfflfflQfflqham
1289 4351 1381 4406 usciul
1395 4353 1426 4407 in

201 4405 258 4496 Q)
313 4456 372 4493 war
383 4438 449 4492 onl'
469 4455 603 4501 asarms3
622 4437 717 4492 others
730 4437 821 4492 which
836 4457 885 4493 are
906 4439 941 4493 of
1014 4457 1065 4494 uso
1087 4440 1116 4493 in
1135 4439 1271 4516 werp-but
1288 4456 1337 4494 are
1358 4439 1427 4511 only

313 4524 452 4580 luxuries·
471 4523 575 4580 otllhr's‘
590 4544 612 4576 n·
626 4545 659 4579 nc
705 4542 754 4579 are
775 4525 869 4581 usoful
891 4527 962 4582 both
982 4528 1012 4582 in
1027 4545 1092 4594 war,
1114 4527 1171 4582 and
1189 4510 1240 4582 out
1265 4526 1298 4581 oi
1315 4543 1380 4590 nar,
1394 4543 1426 4582 as

191 4631 255 4740 O)
313 4628 425 4682 money,
471 4613 614 4675 misione,
640 4611 717 4683 ships
741 4612 798 4666 and
823 4613 897 4668 their
921 4615 1073 4670 furnituro.
1119 4615 1154 4669 In
1178 4621 1296 4668 matters
1324 4614 1426 4669 ottho

348 4722 361 4751 s
387 4697 484 4762 kind,t
505 4705 535 4752 at
547 4700 571 4754 is
586 4707 649 4754 true
664 4697 755 4752 which
767 4700 982 4756 Amalasuintha
996 4701 1057 4756 said
1072 4708 1102 4756 to
1114 4700 1266 4764 Justtnion
1281 4700 1345 4755 that
1357 4700 1427 4774 they

312 4800 363 4840 aro
377 4783 412 4839 ot'
422 4784 472 4841 the
487 4793 571 4858 party
593 4785 627 4840 oi
639 4785 688 4841 tho
702 4802 805 4860 enemy
819 4787 882 4843 who
904 4789 1007 4862 supply
1027 4788 1087 4842 him
1107 4787 1175 4843 with
1191 4787 1267 4844 nbat
1288 4788 1311 4844 is
1329 4805 1427 4844 neces-
