3192 5334
213 572 364 650 Car.1V.]
411 579 465 636 DE
486 579 587 638 tuna
611 579 910 637 Ixtnnrtclun'm
933 580 1093 647 nostes,
1115 582 1198 637 ETC.
1288 573 1329 641 l'l

211 743 332 811 Martio
353 753 387 813 et
411 745 543 813 ulterius
563 745 604 812 ab
621 744 795 833 AEquicolis
820 744 971 832 petiisset,
995 747 1038 813 sic
1058 746 1123 813 sit:
1150 750 1183 815 si
1198 748 1332 835 qtrardo

212 847 358 914 homines
382 860 443 914 aut
460 849 628 913 animalia
654 848 697 912 ab
717 847 837 932 aliqua
851 858 944 930 gente
966 861 1068 933 rapta
1085 861 1187 915 asserit
1207 848 1332 935 pap'ulo

212 948 375 1023 Romano,
399 949 673 1032 camfecialibus,
698 949 810 1023 idest,
834 948 1068 1025 sacerdotibus,
1090 951 1149 1035 qui
1158 948 1332 1034 faciendis

206 1059 363 1132 praesunt
375 1049 559 1134 federibus,
579 1049 852 1134 proficiscebatur
874 1050 973 1113 etiam
990 1061 1091 1134 pater
1107 1061 1283 1135 patratus,
1299 1059 1331 1114 et

211 1158 290 1212 ante
299 1149 385 1231 fiaes
396 1161 490 1215 stans
507 1149 604 1213 clara
616 1169 690 1214 voce
706 1149 836 1213 dicebat
855 1148 931 1212 belli
943 1170 1089 1224 causatu,
1106 1160 1136 1214 et
1150 1148 1332 1214 sicientibus

210 1268 266 1312 res
281 1261 401 1334 captas
417 1250 596 1324 restituere,
621 1249 672 1314 vel
693 1260 843 1314 auctores
864 1247 996 1330 injuriae
1019 1249 1160 1323 tradere,
1179 1247 1331 1331 jaciebat

211 1347 356 1423 hastam,
382 1371 455 1435 qua
482 1370 536 1414 res
564 1360 638 1414 erat
661 1370 784 1434 pagna
813 1349 1029 1434 principiam,
1055 1358 1086 1414 et
1106 1347 1184 1430 jam
1210 1346 1331 1412 licebat

210 1467 301 1513 mare
315 1449 392 1514 belli
413 1470 466 1514 res
487 1469 613 1533 rapere.
665 1452 749 1514 Ante
771 1460 877 1513 autem
901 1446 1044 1513 dixerat:
1069 1460 1188 1514 ueteres
1214 1447 1331 1512 loedere

211 1567 265 1613 res
281 1569 399 1632 rapere
416 1548 577 1624 dicebant,
595 1550 727 1614 etiamsi
743 1551 873 1635 rapina
886 1548 1013 1612 stallum
1029 1550 1152 1614 crissen
1168 1548 1328 1622 existeret,

211 1647 369 1712 similiter
385 1649 581 1734 satisfacere
602 1670 656 1715 res
672 1649 807 1714 reddere
829 1649 988 1713 dicebant.
1038 1645 1160 1724 Quibus
1180 1645 1330 1711 docemur

211 1743 286 1810 belli
307 1745 392 1812 inter
408 1746 487 1813 duos
503 1747 635 1835 populos
657 1768 807 1813 eorumve
829 1747 933 1833 cupita
948 1743 1058 1812 indicti
1074 1744 1221 1811 'effectus
1237 1764 1329 1831 qnos·

210 1845 285 1910 dam
302 1867 371 1912 esse
387 1846 543 1934 proprios,
570 1847 624 1934 qui
642 1847 757 1912 bellum
778 1868 819 1913 ex
843 1867 901 1911 sua
917 1854 1032 1912 natura
1048 1866 1111 1911 non
1133 1852 1328 1930 sequuntur:

209 1945 297 2032 quod
321 1967 392 2012 cum
410 1946 448 2011 iis
473 1944 591 2035 optime
612 1945 758 2014 convenit
775 1967 847 2032 quar
872 1967 912 2013 ex
930 1942 1161 2032 jurisconsultis
1177 1941 1330 2010 Romanis

114 2077 115 2080 ¹
209 2044 303 2111 modo
320 2044 491 2112 attulimus.

282 2146 328 2213 Il.
362 2147 383 2213 1
411 2144 476 2213 Sed
490 2144 575 2234 quod
592 2144 675 2212 dixit
690 2144 843 2234 Virgilius
860 2146 978 2223 licebit,
999 2145 1160 2212 rideamus
1175 2164 1239 2231 qno
1254 2163 1329 2232 per·

209 2245 318 2312 tinmt
336 2267 337 2270 ¹
359 2246 524 2313 Interdum
541 2245 625 2311 enim
645 2243 741 2311 licere
760 2243 875 2312 dieitur
891 2245 924 2310 id
948 2245 1033 2331 quod
1048 2253 1169 2312 rectum
1185 2242 1330 2311 exomni

209 2354 303 2433 parts
326 2345 474 2433 piumque
491 2355 549 2425 est,
568 2343 689 2412 etiamsi
710 2344 794 2410 forte
816 2342 901 2409 aliud
920 2344 995 2430 quid
1011 2344 1080 2410 fieri
1103 2342 1202 2432 possit
1217 2342 1329 2410 lauda·

209 2444 312 2522 bilius,
331 2445 424 2532 quale
441 2453 490 2512 est
505 2444 582 2511 illud
600 2443 691 2509 Pauli
707 2443 860 2530 apostoli:
881 2441 994 2512 πάντα
1011 2444 1065 2526 μοὶ
1081 2438 1228 2533 ἔξεστιν,
1245 2438 1327 2512 ἀλλ’
1341 2459 1493 2502 learnt»

209 2541 248 2612 οὗ
274 2541 390 2614 πάντα
412 2539 589 2640 συμφέρει
612 2545 725 2609 anestia
751 2542 846 2627 (illius
863 2541 979 2609 scilicet
1003 2543 1129 2633 generis
1146 2542 1233 2631 cujus
1253 2550 1328 2609 snut

209 2644 382 2732 dequibus
398 2666 496 2734 agere
513 2653 651 2732 caperat
667 2652 701 2709 et
716 2652 844 2708 acturus
860 2645 941 2727 erat)
960 2644 1058 2710 liceat
1074 2645 1168 2720 mili,
1189 2645 1248 2709 sed
1262 2663 1328 2708 non

167 2751 168 2755 ’
209 2747 323 2811 amnia
347 2746 532 2833 eapediunt.
580 2742 632 2810 Sic
666 2735 759 2807 ”licet
786 2741 1019 2807 matrimonium
1046 2727 1244 2822 conuehere,
1270 2742 1328 2808 sed

208 2843 398 2911 laudabilior
425 2852 474 2911 est
495 2865 536 2910 ex
560 2843 613 2931 pio
642 2840 802 2930 proposito
829 2840 942 2907 eoelebs
964 2841 1101 2918 castitas,
1126 2848 1164 2907 ut
1188 2840 1230 2907 ad
1254 2839 1329 2906 Pol·

208 2941 340 3010 lentium
369 2966 412 3009 ex
438 2943 548 3010 eodem
579 2942 730 3029 Apostolo
758 2939 885 3007 disserit
913 2940 1119 3031 Augustinus.
1167 2940 1427 3027 Repetens...
1399 2962 1452 3048 ⁸1}
1424 3010 1481 3050 α

171 3112 172 3116 ,
208 3063 335 3131 quoque
357 3042 483 3132 nuptias
505 3042 586 3120 lieet,
613 3041 670 3108 sed
689 3040 876 3107 laudabilius
901 3048 950 3107 est
971 3062 1035 3106 uno
1058 3049 1239 3107 contentum
1259 3061 1391 3107 asena

209 3209 313 3256 eandem
326 3208 412 3256 Lunx
431 3207 467 3254 ad
479 3208 590 3256 Uroresa
622 3206 742 3270 Hierony·
792 3208 898 3268 &rainer
915 3207 1033 3266 annu,
1049 3209 1110 3270 guia
1123 3214 1206 3270 sponte
1220 3209 1329 3257 tribunt

208 3298 264 3331 mus
274 3285 390 3332 adversm
398 3283 544 3340 Heluidium,
554 3282 635 3341 (Tam.
642 3295 672 3330 11.
683 3296 742 3343 pag.
792 3283 859 3344 qrsod
872 3283 920 3330 sibi
939 3298 987 3331 son
999 3285 1088 3343 suerat
1107 3285 1257 3345 sumana
1287 3285 1330 3332 Ad

209 3363 248 3407 14.
265 3361 291 3406 in
307 3360 351 3408 tin.
367 3358 438 3407 Edit.
448 3357 540 3416 Basil.)
555 3357 625 3418 eirea
641 3358 743 3415 maioris
792 3357 995 3405 Panaetium:
1011 3372 1104 3420 semper
1117 3359 1226 3420 grandia
1238 3360 1265 3406 iss
1279 3373 1327 3406 aas·

208 3435 332 3483 manat
344 3435 399 3482 dum
408 3434 437 3480 id
445 3432 574 3489 contemnit,
589 3431 655 3493 qtcad
668 3431 741 3491 eise·
792 3431 897 3478 dentitm
916 3439 1041 3493 pomus
1064 3435 1178 3482 arbitrio.
1205 3434 1265 3482 Nan
1282 3435 1328 3482 tibi

209 3510 277 3567 serit,
288 3524 335 3556 non
349 3509 472 3569 delinquit.
503 3507 627 3554 Aduersus
644 3506 741 3554 deciri-
791 3507 1327 3571 imponiturneeessitassteolantasproenittn

209 3599 281 3631 anas
291 3584 384 3645 (Liba.
394 3596 452 3644 pag.
460 3585 490 3630 25
497 3580 537 3641 a.)
547 3582 601 3628 ideo
606 3581 665 3642 plue
674 3586 742 3628 aaut
792 3588 958 3644 consequatur.
979 3584 1075 3644 (Epist.
1086 3599 1144 3646 pag.
1151 3585 1204 3634 lit.
1214 3585 1286 3634 uon.
1293 3587 1327 3648 r.)

148 3851 168 3878 ⁴.
206 3843 282 3883 vere
299 3832 351 3883 not
370 3828 454 3901 giren
471 3828 511 3900 by
530 3829 709 3893 restoration,
727 3830 874 3900 deelaring
895 3849 954 3887 war
972 3832 1013 3906 by
1030 3833 1171 3907 throwing
1193 3852 1212 3891 s
1231 3851 1321 3908 spear.

206 3916 325 3986 Rapere,
337 3920 368 3969 to
382 3933 493 3987 ravage,
507 3916 563 3970 and
576 3917 738 3986 satisfacere,
749 3923 780 3971 to
795 3925 911 3981 restore,
922 3935 996 3974 nere
1008 3921 1099 3975 words
1113 3921 1147 3976 of
1155 3938 1173 3975 a
1185 3922 1327 3978 technical

205 3999 509 4073 comprehensireness.
555 4002 619 4055 And
635 4001 700 4056 thus
712 4019 754 4057 we
766 4003 846 4058 learn
861 4003 924 4059 that
940 4022 959 4059 a
976 4023 1034 4060 war
1047 4007 1186 4070 deelared
1197 4008 1327 4065 hatnoen

205 4094 263 4143 two
271 4087 394 4152 natione,
402 4103 435 4142 or
443 4087 523 4149 their
532 4086 628 4151 hands,
638 4087 690 4142 has
702 4091 810 4143 certain
820 4090 947 4161 peculiar
957 4092 1014 4147 aud
1026 4095 1209 4167 appropriate
1220 4095 1327 4162 effera,

205 4172 299 4229 ahloh
311 4173 348 4229 do
359 4179 412 4228 not
422 4172 518 4228 follow
530 4173 605 4228 from
618 4173 667 4228 the
679 4182 780 4232 nature
793 4177 827 4231 ol
835 4194 893 4230 sar
904 4178 995 4233 itself:
1009 4180 1066 4234 and
1078 4180 1135 4236 this
1146 4198 1245 4254 agrees
1256 4182 1326 4238 nith

205 4259 283 4315 what
297 4277 339 4316 we
351 4259 423 4314 hare
435 4259 551 4330 already
564 4260 694 4315 adduoed
709 4261 784 4316 from
796 4261 846 4318 the
860 4264 974 4318 Roman
988 4264 1113 4337 lawyers.
1414 4327 1417 4331 ,

265 4346 305 4402 IL
342 4353 358 4403 1
383 4347 442 4402 But
452 4346 543 4418 Virgil
555 4346 616 4401 said
629 4347 721 4412 licebit,
735 4349 759 4402 it
770 4349 829 4403 nill
839 4348 876 4405 bo
889 4349 999 4416 lawsu13
1014 4350 1054 4406 let
1068 4369 1101 4406 us
1113 4368 1161 4407 see
1172 4351 1248 4407 what
1260 4351 1325 4410 that

205 4433 327 4506 implies.
373 4433 431 4488 For
448 4433 609 4488 sometimes
626 4435 683 4487 tiat
701 4434 724 4489 is
739 4435 801 4489 said
814 4443 844 4491 to
855 4435 892 4492 be
908 4437 1003 4492 laniul
1022 4437 1112 4493 which
1127 4439 1151 4493 is
1166 4455 1251 4511 every
1262 4457 1325 4513 way

205 4519 284 4590 right
301 4519 359 4574 and
373 4521 473 4591 pious3
488 4518 597 4590 though
613 4519 774 4593 something
788 4522 847 4577 else
858 4523 950 4594 might
964 4523 1001 4579 be
1016 4524 1091 4580 done
1102 4523 1193 4578 which
1205 4525 1230 4579 is
1244 4542 1324 4583 more

204 4599 355 4670 laudable;
369 4623 400 4660 as
414 4607 449 4660 St
467 4606 537 4660 Paul
549 4622 621 4678 says,
636 4607 676 4660 all
691 4608 778 4679 things
790 4606 865 4675 (oia
879 4612 987 4665 certain
1002 4609 1085 4678 kind)
1100 4629 1149 4665 are
1161 4611 1260 4682 lausai
1267 4615 1325 4686 scr

204 4709 255 4757 me,
270 4692 317 4748 but
329 4692 370 4746 all
384 4692 472 4764 things
486 4709 534 4747 are
545 4703 593 4748 nat
609 4695 754 4766 condicat.
802 4695 881 4751 Thus
895 4697 957 4752 itis
973 4696 1070 4751 lasiul
1088 4705 1119 4754 to
1133 4714 1237 4771 marry,
1251 4715 1323 4756 eren

204 4777 290 4834 when
305 4778 433 4853 celibaey
446 4779 468 4834 is
483 4778 595 4846 better3
613 4781 636 4834 it
651 4781 674 4835 is
689 4781 785 4836 lawful
804 4788 835 4837 to
850 4800 945 4856 marry
960 4800 978 4837 a
995 4782 1100 4839 second
1115 4784 1194 4848 time,
1211 4784 1323 4860 though
