3192 5334
315 593 382 658 406
615 601 846 668 conctusm,
866 603 951 660 CUM
972 600 1138 659 atomis
1162 681 1167 687 .
1298 592 1377 670 [lam
1388 597 1440 655 Ill.

316 791 389 858 quae
404 765 561 835 hominem
578 767 756 835 hominihus
772 766 985 836 insociabilem
1007 767 1104 836 facit:
1127 764 1213 834 eddo
1235 774 1274 832 et
1298 765 1373 832 Deo
1395 763 1439 831 in·

317 891 429 936 mum,
571 911 574 915 ,

394 969 438 1036 ΙΙ.
487 968 613 1037 Deinde
628 969 662 1036 in
678 977 747 1036 tota
762 968 838 1037 belli
854 967 1125 1038 administratione
1140 990 1206 1035 non
1222 974 1336 1058 potest
1352 986 1437 1034 eenn-

318 1091 375 1138 rus
394 1074 431 1137 et
451 1071 522 1138 Deo
542 1071 643 1138 fidens
659 1071 782 1138 animus
803 1070 944 1149 retineri,
961 1070 1021 1138 nisi
1037 1092 1163 1158 semper
1178 1068 1214 1136 in
1230 1090 1346 1156 pacem
1363 1089 1434 1156 pro·

98 1167 102 1176 ’
153 1187 306 1275 ffi‘m
319 1179 450 1260 spectet.
492 1171 665 1238 Verissime
682 1171 766 1237 enim
787 1172 906 1239 dictum
921 1194 943 1238 a
960 1171 1129 1239 Sallustio:
1154 1172 1327 1257 capientes
1336 1171 1435 1257 pacis

151 1290 424 1348 namucense
444 1273 561 1339 bellum
583 1296 717 1359 perere:
742 1272 793 1338 cui
815 1271 961 1362 congruit
975 1270 1144 1361 Augustini
1163 1269 1348 1338 sententia:
1373 1292 1434 1367 non

220 1367 226 1378 ’
313 1394 430 1460 pacem
448 1375 563 1459 queri,
579 1385 617 1438 nt
633 1374 751 1440 bellum
767 1385 972 1450 exerceatur,
988 1375 1046 1439 scd
1063 1373 1184 1439 bellum
1198 1373 1286 1458 peri,
1304 1383 1345 1438 at
1361 1393 1433 1459 pon

151 1492 306 1581 priene
318 1473 527 1560 acquiratur.
579 1473 652 1561 Ipse
668 1473 860 1541 Aristotelea
881 1495 945 1539 non
967 1473 1066 1539 semel
1086 1481 1213 1539 accusat
1231 1480 1433 1563 gentesque

175 1551 196 1582 ''
317 1571 446 1641 bellicas
460 1572 599 1640 actiones
612 1573 702 1661 qnasi
718 1595 777 1662 pro
791 1574 901 1640 ultimo
919 1572 996 1639 ¹fine
1018 1572 1079 1639 sibi
1096 1581 1325 1662 proponerent
1374 1573 1431 1638 Fc-

316 1672 422 1741 rinnm
448 1673 598 1761 quiddam
623 1673 671 1740 ris
696 1684 754 1752 est,
781 1696 854 1762 quae
877 1672 912 1739 in
935 1672 1018 1740 bello
1044 1672 1179 1740 maxime
1205 1671 1347 1742 eminet:
1372 1694 1431 1760 quo

317 1772 499 1864 diligentius
511 1774 680 1841 oumnduv·
699 1782 748 1840 est
764 1765 804 1841 ut'
815 1773 1011 1841 humanitate
1023 1782 1229 1862 temperetur,
1241 1795 1286 1842 ne
1303 1772 1431 1842 mnrium

316 1873 402 1942 feras
418 1874 569 1941 imitando
585 1874 779 1942 dediscamus
795 1875 964 1941 hominem.
1237 1872 1241 1878 ’

393 1976 455 2042 IIL
471 1975 478 1990 “
494 1977 564 2042 Pax
577 1997 654 2065 ergo
671 1983 742 2042 tnta
757 1974 835 2041 satis
847 1972 996 2042 haberisi
1013 1982 1127 2062 potest,
1144 1983 1178 2042 et
1193 1974 1433 2044 metanoeam

316 2082 351 2143 et
376 2074 561 2142 damnorum
587 2083 620 2142 et
646 2083 805 2141 sumtuum
830 2075 1058 2143 condonatione
1085 2097 1149 2142 non
1176 2075 1260 2142 male
1290 2083 1433 2143 constat:

211 2173 224 2187 ⁴
315 2173 475 2264 praecipue
491 2173 574 2242 inter
593 2174 799 2255 Christianos,
814 2175 927 2262 quibus
944 2198 1052 2264 pacem
1069 2198 1158 2241 suam
1174 2173 1335 2242 Dominus
1350 2175 1434 2264 lega-

151 2288 291 2330 ΜΗ*
316 2274 372 2343 vit.
426 2273 524 2363 Cujus
545 2274 682 2363 optimus
705 2274 863 2363 interpres
887 2297 944 2342 nos
961 2276 1038 2354 vult,
1056 2285 1209 2363 qnantum
1226 2274 1301 2343 fieri
1318 2284 1433 2364 potest,

316 2381 469 2463 quantum
495 2375 529 2441 in
556 2375 646 2441 nobis
671 2375 766 2442 situm
794 2384 853 2452 est,
876 2398 947 2442 cum
976 2377 1119 2443 omnibus
1143 2396 1253 2464 pacem
1278 2397 1434 2464 quaerere

316 2475 389 2544 Veri
404 2475 479 2542 honi
495 2485 544 2542 est
560 2474 651 2542 initia
667 2475 742 2542 belli
758 2473 891 2542 invitum
908 2475 1075 2564 suscipere,
1093 2484 1238 2543 extrema
1252 2497 1322 2543 non
1336 2475 1435 2544 liben-

151 2594 296 2681 {ww
316 2584 367 2644 ter
381 2575 549 2664 persequiz
575 2584 613 2643 nt
629 2576 714 2664 apud
733 2575 915 2642 Sallustium
931 2576 1073 2666 legimus.

151 2670 268 2778 fflffl
357 2765 360 2770 .
386 2675 446 2744 IV.
484 2676 571 2743 Setis
587 2676 713 2763 quidem
725 2677 786 2742 hoo
802 2699 899 2743 unum
916 2697 985 2742 esse
1001 2676 1109 2761 dehet,
1124 2675 1181 2743 sed
1197 2682 1232 2743 et
1247 2674 1436 2765 plerumque

361 2871 457 2921 ¹ence
472 2872 629 2934 smgyrinm,
649 2871 790 2931 Praeceptor
810 2869 849 2930 lp·
899 2866 1107 2927 cdricelpeimr.
1135 2867 1435 2933 Dehffhfflweg.

315 2948 366 2996 eine
381 2948 470 2995 Puero
483 2947 534 3007 jam
551 2947 577 2992 id
590 2947 779 3006 vituperaverat,
794 2944 849 2990 loeo
899 2943 980 2992 enee.
1008 2943 1120 2991 Tomrr.
1136 2943 1331 3006 enasope.
1361 2947 1392 2995 J.
1402 2948 1435 2995 B.

315 3023 415 3085 insigni,
432 3023 475 3069 nbi
490 3021 549 3069 honi
564 3020 722 3081 Legislatoris
738 3034 790 3066 esse
806 3019 848 3077 nit,
945 3017 1284 3082 bArr'etoteleeee’eeneerecr'eet]
1296 3021 1436 3070 Philonem

315 3099 383 3161 pects
393 3112 478 3146 censeo
487 3097 570 3158 potius
579 3110 608 3143 ea
618 3110 672 3157 qnae
682 3096 807 3156 pertinent
817 3095 849 3141 ed
901 3093 930 3141 de
941 3093 1112 3142 Constitutione
1121 3095 1249 3156 Principes
1260 3097 1394 3158 (12ng
1408 3110 1435 3147 n.

315 3173 416 3232 bellum
427 3187 500 3234 qnam
510 3172 610 3231 negotia
619 3171 686 3231 pacis
696 3170 755 3216 belli
764 3183 850 3216 caussa
899 3169 951 3216 Ed.
968 3169 1069 3229 Parte.)
1087 3171 1152 3218 hune
1167 3171 1193 3217 in
1209 3172 1328 3220 modurn:
1350 3173 1434 3234 elmlea

315 3249 436 3305 ordinem,
451 3254 477 3295 et
492 3248 524 3294 ed
539 3248 639 3294 bellicas
655 3247 762 3294 rationes
777 3260 848 3293 revo-
899 3245 972 3306 κιίνῇ
983 3245 1218 3306 σφόδρ’ἑπιζιῐμως,
1227 3247 1435 3309 λυσιτελεστέρα

316 3339 385 3374 otte:
407 3323 469 3370 Odr’
488 3323 519 3371 civ
539 3320 674 3382 νομοθέτης
694 3322 808 3381 exerente,
825 3324 848 3368 el
899 3321 1023 3381 πολέμου·
1034 3337 1089 3384 pne
1104 3322 1213 3384 φωνὴ
1227 3337 1281 3371 m
1293 3339 1384 3386 noym
1396 3326 1435 3373 de·

315 3399 351 3461 peri
366 3398 443 3460 χάριν
456 3397 553 3457 cipriane
566 3397 602 3442 τά
616 3397 731 3455 rohsnai
745 3396 847 3455 νομοθε·
899 3399 1017 3456 trimme,
1034 3400 1096 3446 bello
1115 3400 1208 3448 utilior.
1238 3398 1334 3462 [Lorne
1351 3401 1433 3449 Alle-

315 3478 362 3522 τοῖ
375 3474 486 3535 μᾶλλον,
506 3472 522 3528 ἢ
538 3473 590 3519 τῶν
608 3471 756 3530 πολεμικῶν
775 3471 847 3518 ἕνεκα
900 3485 1008 3521 nonnus
1022 3475 1144 3535 reperitur
1159 3475 1185 3522 in
1200 3475 1300 3524 illector.
1314 3476 1353 3523 nel
1363 3477 1432 3524 Alex·

315 3756 484 3815 themselves
499 3755 549 3811 the
568 3752 711 3809 deceirere
733 3752 803 3826 they
817 3753 910 3809 would
928 3755 1012 3812 make
1033 3758 1111 3812 them.
1156 3756 1309 3814 Doctrinae
1328 3764 1435 3815 cannot

280 3798 385 3993 konig
406 3842 484 3897 work
506 3841 578 3905 well,
601 3839 692 3895 vhioh
710 3840 793 3895 make
816 3857 884 3896 man
901 3843 974 3898 unfit
991 3843 1038 3899 lor
1056 3844 1165 3916 society
1183 3843 1252 3899 with
1268 3859 1356 3912 mnn3
1378 3844 1435 3901 and

341 3946 358 3987 e
376 3947 442 4003 may
458 3928 524 3992 add,
539 3926 650 3981 hntolul
668 3933 698 3981 to
715 3926 788 3981 God

373 4017 413 4072 IL
459 4014 495 4069 In
524 4013 575 4069 the
595 4020 663 4068 next
689 4012 779 4085 place,
807 4030 826 4069 a
847 4014 928 4069 mind
954 4031 1055 4072 serene
1082 4016 1139 4071 aad
1160 4017 1286 4091 trunting
1308 4017 1341 4073 ln
1369 4015 1435 4075 (lod

316 4109 421 4161 cannot
439 4100 476 4156 he
493 4100 622 4156 retained
639 4100 669 4154 in
687 4099 738 4155 tho
755 4098 847 4156 whole
865 4100 1093 4157 administration
1111 4103 1146 4158 of
1164 4120 1183 4158 a
1202 4121 1268 4170 var,
1289 4112 1396 4178 except
1411 4106 1436 4159 it

315 4191 419 4263 always
439 4187 506 4243 look
521 4194 551 4242 to
568 4203 663 4259 peace.
709 4186 748 4240 As
770 4187 877 4242 Sallust
897 4194 971 4244 most
993 4190 1069 4261 truly
1085 4206 1157 4262 says,
1179 4190 1251 4246 Wiec
1266 4209 1328 4247 mea
1349 4209 1435 4263 carry

261 4191 337 4418 [Ἴ
363 4295 424 4331 war
438 4278 495 4346 sor
513 4275 554 4328 the
574 4273 636 4328 ecke
655 4275 693 4342 os
705 4290 806 4344 peace.-
828 4274 886 4329 and
899 4281 929 4329 to
945 4275 1002 4331 this
1020 4275 1070 4331 the
1086 4277 1203 4348 opinion
1222 4277 1258 4333 of
1273 4277 1435 4350 Augustino

333 4380 432 4435 green
453 4361 510 4416 and
530 4359 564 4415 of
584 4360 728 4414 Aristocle.
774 4360 803 4414 It
825 4361 850 4415 is
868 4377 886 4416 a
901 4359 993 4417 feriae
1013 4363 1092 4418 force
1112 4361 1204 4418 which
1223 4364 1248 4418 is
1268 4365 1435 4436 prominent

316 4450 347 4503 in
372 4463 445 4511 παις
473 4447 529 4501 and
556 4459 632 4501 must
655 4445 692 4500 be
711 4447 859 4519 tempered
879 4448 948 4503 nith
968 4449 1125 4522 humauity,
1146 4448 1210 4506 that
1227 4465 1270 4504 ve
1296 4466 1366 4524 may
1383 4458 1435 4505 not

288 4475 399 4602 iocose
413 4540 444 4589 to
461 4533 499 4588 be
517 4549 591 4596 mon,
606 4532 645 4604 by
664 4534 806 4605 imitating
825 4534 931 4590 brutes.

372 4621 427 4677 111.
472 4619 503 4675 If
521 4619 665 4675 therefore
685 4635 702 4673 a
723 4637 812 4692 peace
825 4622 993 4694 sufficiently
1008 4623 1069 4678 sale
1087 4640 1141 4679 can
1154 4623 1192 4678 be
1206 4619 1273 4688 had.
1295 4623 1320 4678 it
1339 4623 1366 4679 is
1382 4628 1434 4680 not

275 4706 349 4813 &111
371 4708 490 4778 ceonred
509 4707 548 4780 by
571 4704 621 4762 tho
644 4706 835 4764 condonation
859 4708 892 4765 of
913 4710 1042 4776 offemee,
1065 4710 1124 4766 and
1143 4709 1286 4783 damagee,
1308 4710 1368 4767 and
1385 4726 1434 4767 ex·
