3192 5334
324 403 389 470 168
707 409 762 466 DE
783 405 1052 467 POSTLIMINIO.
1179 426 1181 431 ·
1292 404 1373 476 [Lm.
1384 408 1441 465 III.

323 575 439 644 ficatuz
466 572 642 662 sequendus
658 572 810 651 Suessula,
828 572 883 660 qui
900 572 1044 658 junctum
1068 570 1201 637 docebat
1217 591 1287 638 esse
1303 573 1441 640 verbum

323 678 464 762 s‘poat,
481 673 567 761 quod
582 671 718 740 reditum
735 680 835 748 ιοιιι,
853 681 887 739 ιι
904 673 1026 739 limiae.
1076 670 1165 736 Nam
1182 671 1282 737 limen
1298 680 1333 738 ιι
1346 673 1442 740 limes

324 775 413 842 exitu
429 783 463 842 et
482 772 622 839 flexionis
644 772 737 839 modo
760 772 920 848 differunt,
934 793 1003 837 cum
1020 768 1136 858 alioqui
1153 769 1275 859 origine
1292 771 1440 854 (veniunt

323 872 408 942 enim
432 866 500 941 bab
519 872 649 960 antiqua
665 893 742 938 voce
760 872 848 949 limo,
866 893 938 958 qum
964 883 1185 939 transversum
1208 869 1379 959 siguificat)
1405 882 1440 938 et

323 972 484 1063 primitive
508 970 634 1038 notione
659 971 742 1038 idem
762 970 836 1048 sint,
862 970 943 1037 sicut
965 969 1098 1037 materia
1114 980 1147 1039 ιι
1161 968 1319 1048 materies,
1337 992 1440 1058 parus

323 1079 359 1140 et
380 1093 473 1160 paro,
495 1069 663 1161 econtagio
685 1079 719 1137 et
745 1079 904 1160 conteges,
928 1069 1064 1152 cucumis
1089 1075 1123 1138 et
1152 1091 1309 1148 cucumer,
1338 1091 1439 1157 quen·

324 1191 419 1259 quam
434 1192 494 1236 usu
509 1169 629 1236 seriore
645 1170 762 1237 iactum
779 1179 828 1238 e‘st
845 1178 881 1236 ut
899 1171 997 1236 limen
1012 1168 1114 1259 mug'm
1130 1170 1173 1235 od
1189 1168 1325 1258 privata,
1344 1171 1439 1239 limes

221 1286 223 1290 ’
323 1269 367 1337 ad
383 1268 508 1359 publica
523 1268 707 1337 referretur.
745 1270 796 1337 Sic
812 1279 938 1337 veteres
954 1268 1113 1336 eliminare
1130 1269 1276 1337 dicebant
1292 1269 1439 1339 efinibus

323 1369 447 1459 ejicere,
465 1378 499 1437 et
515 1367 641 1434 exilium
657 1361 887 1437 “nominabant
902 1367 1080 1435 eliminium.

398 1470 442 1535 IL
477 1471 497 1535 l
529 1469 589 1535 Est
605 1490 682 1559 ergo
698 1468 946 1557 postliminium
932 1490 986 1556 Jus
1001 1468 1087 1555 quod
1102 1466 1268 1536 nuscitur·
1278 1491 1318 1536 ex
1330 1469 1439 1537 reditu

156 1577 256 1672 ΜΗ·
269 1579 296 1618 ¹²
323 1567 357 1635 in
372 1568 478 1647 limen,
495 1567 530 1635 id
546 1575 604 1646 est,
622 1568 699 1635 fines
712 1568 861 1656 publicos.
898 1569 951 1635 Sic
966 1567 1157 1656 Pomponius
1172 1590 1336 1635 reversum
1351 1578 1440 1656 post·

158 1682 225 1724 w
234 1680 310 1732 tou
323 1667 442 1735 liminio
456 1667 502 1734 ait
518 1666 573 1755 qui
589 1667 674 1734 intra
689 1667 839 1756 praesidia
860 1677 969 1734 nostra
991 1688 1059 1733 esse
1080 1666 1197 1754 coepit.
1222 1668 1341 1735 Paulus
1366 1690 1439 1735 cum

322 1766 357 1835 in
373 1768 451 1835 fines
467 1776 591 1834 nostros
607 1766 783 1834 intraverit.
837 1767 903 1834 Sed
919 1790 959 1832 ex
975 1766 1112 1855 peritate
1125 1767 1255 1834 rationis
1269 1788 1440 1835 consensus

242 1884 246 1892 ·
322 1867 465 1983 gentium
482 1887 600 1933 remeo
617 1865 776 1955 perduxit,
786 1876 823 1933 ut
837 1866 1056 1980 postliminium
1070 1867 1172 1933 locum
1182 1868 1325 1945 haberet,
1340 1867 1438 1935 ctiam

322 1966 351 2034 si
375 1965 570 2054 quiahomo,
594 1973 723 2031 autres
748 1964 815 2052 ejus
840 1965 965 2054 generis
986 1965 1020 2031 in
1045 1989 1107 2054 quo
1124 1966 1347 2054 postliminium
1369 1989 1440 2035 esse

322 2065 496 2155 placuerat,
528 2063 724 2154 pervenisset
750 2063 792 2130 ad
820 2063 937 2131 amicos
964 2073 1097 2145 nostros,
1122 2076 1159 2133 ut
1184 2065 1323 2155 loquitur
1351 2067 1439 2135 dicto

367 2246 380 2273 ⁸
398 2238 467 2297 Post,
486 2236 553 2299 quod
566 2236 668 2284 reditum
687 2235 764 2297 notat]
786 2235 858 2285 Unde
905 2238 986 2285 uersi:
1012 2253 1068 2286 ιιιιιι
1087 2243 1226 2287 ιιαιιιιιιιι
1243 2241 1323 2288 musio
1343 2241 1443 2304 satique*

245 2331 248 2334 ’
324 2315 456 2363 Postuerta
471 2313 537 2362 Dea.
566 2311 633 2374 [qum
652 2316 756 2373 praerat
775 2312 857 2372 portui
906 2313 966 2360 lissa
974 2313 1090 2372 dicebant,
1104 2315 1304 2376 amoliatur
1312 2317 1440 2371 ostiorum,

322 2390 459 2437 mulierum.
500 2388 563 2437 Vide
583 2389 652 2435 Αιι..
674 2387 758 2435 (istu.
783 2387 855 2435 Nost.
901 2401 949 2446 per
962 2401 1014 2449 quae
1021 2389 1091 2449 soris
1104 2395 1127 2436 et
1141 2391 1205 2436 iares
1216 2391 1286 2437 itur.-
1306 2397 1330 2438 es
1344 2391 1441 2449 linitos,

322 2463 528 2512 Attianum.
539 2463 640 2523 eupli.
653 2455 656 2460 ’
668 2460 698 2508 J.
707 2460 754 2522 B.]
906 2461 970 2521 quod
981 2475 1029 2520 per
1041 2463 1163 2522 cossurus
1175 2464 1202 2510 ιιι
1210 2478 1285 2525 aoros
1297 2470 1377 2513 mser.
1408 2467 1440 2514 ln

367 2538 432 2586 ‘At
441 2538 544 2600 ιιιιᾳιιι
557 2551 613 2584 oooe
624 2534 695 2597 limo]
712 2536 812 2582 Seruius
825 2536 857 2583 sd
907 2536 1031 2583 Glossario
1042 2537 1110 2584 lisias
1117 2538 1222 2599 πλαγία
1232 2539 1297 2587 odos.

321 2627 374 2662 xus.
383 2613 510 2670 AEaeidos,
522 2617 548 2660 st
557 2612 670 2659 Donatus
683 2613 715 2658 ad
728 2612 788 2658 illud
803 2611 857 2658 Eu·
949 2619 969 2668 ο,
977 2610 1095 2673 Costoqio
1103 2619 1127 2660 et
1135 2613 1256 2675 οιιιιιφιι]
1274 2614 1409 2678 cauma
1417 2624 1441 2666 et

321 2688 395 2737 sueti
406 2689 463 2748 (ιιι.
472 2689 496 2735 ὅ.
507 2685 560 2746 63.)
570 2686 634 2732 limis
644 2686 727 2733 oculis.
755 2686 856 2734 Festus:
905 2701 1027 2748 eompaoo,
1042 2689 1108 2748 quod
1117 2689 1198 2750 ipsum
1212 2691 1332 2755 olimfuit
1341 2707 1440 2754 eonpa-

320 2764 414 2819 Limus,
422 2762 539 2823 obliquus,
547 2761 622 2816 idest,
632 2762 856 2817 nomenmodo
904 2776 958 2822 oen,
972 2769 1001 2809 ut
1011 2763 1082 2810 docet
1091 2764 1220 2825 gemdsus,
1236 2771 1262 2813 et
1271 2768 1372 2815 verbum
1381 2771 1441 2818 iude

322 2843 345 2887 st
358 2838 451 2885 limiae.
481 2837 590 2882 Isidorus
607 2835 671 2882 libro
686 2839 853 2897 xv.eap.14.
904 2839 1044 2900 deductum,
1066 2839 1131 2888 sicut
1146 2844 1172 2888 st
1186 2842 1287 2904 mosis
1306 2843 1357 2892 tuit
1379 2859 1440 2893 sas·

322 2913 409 2962 limites
426 2911 545 2973 appellati
566 2909 664 2971 antiquo
683 2911 754 2958 uerbo
773 2916 854 2958 ιιωιι.
903 2926 972 2974 quon.

322 3131 373 3203 ing
383 3128 418 3186 οι
428 3127 478 3185 tha
490 3126 606 3194 former,
617 3128 737 3185 without
748 3129 945 3201 signification.
967 3130 1022 3186 We
1033 3137 1110 3188 must
1122 3131 1217 3188 follow
1229 3127 1364 3201 Suessula,
1374 3136 1438 3193 ssho

322 3215 426 3288 taught
439 3214 503 3271 thet
517 3214 567 3271 the
581 3214 658 3271 word
670 3232 726 3270 was
738 3215 936 3287 compounded
951 3216 1062 3288 ofpost,
1075 3218 1214 3291 implyiug
1227 3237 1246 3274 a
1259 3227 1369 3286 return,
1380 3223 1438 3278 aud

323 3302 413 3358 limen.
459 3301 518 3357 For
536 3302 625 3366 limera,
645 3320 665 3356 ο
682 3302 823 3367 threshold,
841 3301 898 3357 aud
918 3302 1000 3369 limes,
1014 3322 1034 3358 o
1048 3305 1198 3376 touudosy,
1212 3305 1296 3361 differ
1313 3307 1344 3361 in
1363 3308 1439 3365 their

323 3388 429 3460 ending
443 3388 500 3442 and
515 3388 685 3453 declamion,
698 3388 751 3443 but
771 3387 920 3444 otherwise
933 3405 983 3445 are
1003 3388 1053 3446 the
1067 3407 1145 3447 ιιιιι
1159 3391 1189 3444 ιι
1205 3390 1280 3447 their
1293 3393 1438 3464 primitive
1457 3439 1459 3442 >

322 3474 423 3530 notion
437 3473 494 3528 and
508 3474 598 3545 origin
606 3493 615 3539 3
632 3473 678 3529 ior
691 3473 761 3546 they
774 3490 856 3530 come
870 3475 946 3530 hom
960 3475 1010 3532 the
1024 3477 1074 3532 old
1087 3475 1164 3533 word
1181 3478 1255 3542 limo,
1273 3477 1366 3534 which
1380 3480 1438 3553 sig*

323 3559 406 3616 nifles
421 3569 613 3626 transuersum,
623 3578 732 3616 across:
750 3559 809 3616 like
820 3563 939 3616 matario
949 3561 1008 3616 end
1020 3564 1161 3624 maurim
1175 3581 1266 3636 posue
1277 3563 1335 3620 end
1343 3584 1436 3638 puoos

322 3647 446 3717 eontoyio
475 3646 534 3701 and
563 3655 705 3716 contueor,-
732 3647 851 3702 οιιιιιιιι
880 3648 938 3702 and
964 3667 1106 3712 oawamm
1138 3648 1277 3721 although
1305 3651 1336 3705 iu
1362 3651 1438 3709 later

322 3749 418 3803 muge,
435 3732 459 3786 it
473 3747 552 3786 caum
571 3738 601 3785 ιο
623 3747 688 3801 pass
709 3730 773 3788 that
793 3734 884 3799 limen,
901 3752 920 3788 o
938 3735 1079 3802 tirestold,
1093 3752 1149 3789 aas
1167 3735 1296 3791 referred
1310 3753 1391 3794 more
1404 3746 1438 3794 ιο

321 3818 433 3891 prisute
449 3816 553 3887 things,
571 3817 654 3882 limes,
675 3836 694 3872 o
716 3820 867 3890 ιοιιιιιιιηι,
887 3826 917 3874 ιο
936 3820 1040 3891 publio.
1086 3821 1126 3875 So
1147 3820 1197 3876 the
1218 3822 1346 3878 ancients
1365 3824 1438 3881 used

321 3904 470 3967 eliminare,
484 3902 618 3974 meaning
633 3909 662 3958 ιο
677 3905 759 3976 e'xpel
780 3905 857 3959 from
878 3904 928 3960 the
947 3905 1056 4023 ιιοιιιιιιι
1077 3906 1111 3962 οι
1127 3905 1177 3962 ιιι
1194 3913 1277 3972 stete,
1291 3909 1349 3964 and
1364 3911 1439 3968 exile

320 3989 391 4062 thoy
404 3987 495 4044 called
510 3989 668 4045 eliminium.

377 4076 417 4133 11.
452 4075 708 4150 mundatura,
722 4075 820 4144 then,
812 4094 836 4132 rs
851 4076 901 4133 the
912 4078 989 4150 right
1000 4019 1092 4133 ¹which
1102 4080 1189 4135 ariscs
1201 4080 1276 4135 from
1213 4082 1439 4163 returuiug

319 4160 567 4235 chutia
546 4177 570 4215 ιι
585 4160 682 4216 within
684 4163 747 4237 tho
750 4164 932 4242 ιοιιιιιιιιιι
947 4165 981 4218 of
994 4149 1064 4219 the
1057 4154 1139 4240 stete.
1171 4165 1249 4222 Thus
1261 4166 1439 4240 Pomponius

321 4265 394 4321 says,
412 4249 464 4303 ια’
457 4264 480 4303 ιι
494 4248 629 4302 returned
644 4247 683 4320 by
700 4229 906 4321 postliminium
884 4235 993 4305 rho
998 4235 1050 4306 hus
1064 4251 1158 4322 begun
1173 4263 1204 4308 to
1219 4252 1255 4308 be
1270 4251 1370 4309 within
1384 4271 1440 4312 our

318 4334 470 4408 presidius
488 4332 604 4398 Paulus,
616 4333 695 4390 uhen
708 4335 808 4391 hohas
822 4337 941 4393 entered
953 4353 1006 4392 our
1016 4338 1196 4393 bounduries.
1223 4340 1282 4395 But
1292 4340 1331 4412 by
1342 4343 1440 4416 purity

322 4420 357 4476 oi
375 4437 484 4484 reason,
502 4420 551 4475 tho
566 4428 683 4476 consent
701 4422 735 4477 οι
750 4424 862 4479 notione
881 4425 928 4479 led
947 4430 976 4479 to
995 4423 1045 4478 tho
1066 4424 1129 4479 rulo
1150 4423 1212 4479 thot
1229 4427 1439 4498 postliminium

321 4506 425 4562 should
435 4507 513 4573 hold,
529 4507 554 4561 if
562 4524 617 4579 any
628 4525 695 4563 mun
708 4525 741 4564 or
751 4526 809 4581 any
820 4509 902 4581 thing
915 4520 947 4565 to
962 4509 1052 4565 which
1064 4511 1128 4565 civil
1142 4511 1218 4567 rulos
1233 4514 1328 4588 upply,
1341 4532 1439 4572 comes

321 4598 354 4652 to
368 4609 421 4651 our
434 4595 542 4650 friends
561 4610 595 4649 or
612 4596 700 4662 ullius,
715 4612 746 4652 ue
764 4595 814 4652 the
831 4613 909 4653 samo
930 4605 985 4652 two
1001 4597 1100 4668 jurists
1114 4597 1173 4653 also
1188 4616 1247 4674 any.
1285 4600 1351 4657 And
1366 4601 1440 4660 here
