3192 5334
327 553 393 624 170
711 563 767 620 ΒΕ
786 563 1054 622 poemorum.
1297 563 1376 636 [Ian
1387 566 1444 624 111.

161 749 308 846 cadente
326 729 502 797 Homerum
515 751 580 796 non
591 750 655 796 uno
671 729 705 796 in
721 729 789 798 looo
801 729 944 799 ridemus
958 730 1042 799 hello
1058 726 1193 818 captos
1182 751 1226 795 m
1218 726 1308 796 loeir
1321 730 1447 818 pacatis

326 829 481 908 venditor,
501 838 538 896 nt
551 832 732 920 Lycaonem
743 833 936 911 Iliadord3
962 829 1218 920 Eurymedontem
1231 832 1387 914 Odyeeeoe
1397 835 1445 900 H.

402 930 466 997 111.
495 931 598 997 Vetus
614 932 829 998 Romanorum
846 931 961 997 locutio
976 941 1121 1019 receptor
1136 928 1326 1018 postliminio
1343 930 1444 997 etiam

160 1039 302 1127 mm
326 1027 469 1096 homines
483 1028 599 1096 liberor
616 1030 751 1097 dicebat
797 1033 1013 1097 Postliminio
1028 1043 1192 1117 receptam
1208 1028 1269 1114 (ita
1289 1031 1374 1095 enim
1398 1030 1445 1098 le·

326 1127 464 1219 gendum
485 1133 547 1216 eat)
568 1131 691 1198 Gallae
706 1131 865 1197 AEiine
848 1153 890 1196 en
915 1130 1001 1196 libro
1020 1133 1140 1217 prima
1161 1131 1443 1218 eipnifiootionum

326 1251 400 1316 quen
415 1229 495 1294 ed
471 1252 532 1313 yur
542 1232 720 1316 pertinent,
737 1233 790 1296 ait
803 1253 869 1297 eree
883 1253 966 1307 eum,
977 1253 1037 1315 que
1029 1220 1134 1296 liber
1148 1251 1241 1317 eque
1254 1231 1422 1298 civitate
1404 1254 1444 1297 en

327 1328 436 1394 oliano
456 1329 625 1396 civitatem
648 1332 838 1413 obierat,
822 1353 860 1396 on
879 1333 1016 1397 eandem
1032 1332 1199 1396 civitatem
1213 1331 1302 1396 redit
1316 1353 1354 1396 eo
1362 1331 1443 1415 jure

327 1429 414 1512 qaod
434 1431 646 1495 constitutum
670 1443 717 1497 eet
736 1433 777 1496 de
797 1431 1027 1516 postliminiie.
1072 1432 1169 1507 Item,
1192 1431 1253 1516 qai
1277 1452 1393 1498 emona
1416 1452 1443 1497 o

326 1528 421 1595 notio
448 1529 487 1594 in
511 1530 653 1595 torrium
674 1542 868 1613 potestatem
887 1533 1044 1617 pervenit,
1062 1542 1181 1616 perrea
1200 1531 1249 1594 od
1268 1551 1328 1595 noo
1352 1533 1443 1597 redit

326 1629 366 1692 in
380 1628 449 1712 q'ue
459 1639 655 1714 potestatem
670 1629 762 1714 cojue
779 1632 974 1716 anteasuit,
988 1630 1069 1714 jure
1077 1629 1291 1714 postliminii.
1342 1632 1443 1714 Equi

326 1736 359 1794 et
374 1726 460 1792 ntuli
474 1738 506 1794 et
518 1729 618 1794 neon
630 1730 743 1794 eodem
767 1734 858 1796 ratio
882 1743 931 1797 eet
954 1732 993 1796 in
1012 1730 1216 1815 poetliminii
1235 1741 1368 1815 recepta
1382 1729 1443 1815 fita

325 1815 391 1891 tria
418 1825 488 1891 haee
515 1826 622 1904 rerba,
650 1849 721 1913 qum
748 1828 883 1895 delenda
914 1836 1021 1896 censet
1047 1828 1098 1894 rir
1123 1826 1377 1915 incomparabilis
1407 1829 1441 1896 in

325 1922 464 1991 Romani
483 1924 566 2013 juris
590 1927 694 1992 studio
710 1929 849 1994 Jaeobus
866 1927 1021 2015 Cujacius,
1041 1926 1105 1994 leri
1120 1926 1293 1994 mutatione
1307 1927 1442 1994 retineri

325 2044 418 2112 poree
433 2025 584 2110 arbitror)
602 2048 674 2109 qatoe
689 2029 801 2092 aerei:
825 2051 899 2113 quoe
911 2050 1032 2114 yenera
1042 2050 1154 2094 rerum
1169 2028 1215 2093 ab
1230 2029 1377 2095 hoatibua
1392 2031 1442 2095 act

324 2145 385 2191 noe
404 2125 611 2211 poetliminio
630 2127 775 2202 redeunti,
805 2129 916 2193 eadem
940 2151 1061 2213 ponera
1087 2141 1198 2193 rernm
1223 2149 1249 2192 α
1272 2129 1366 2194 nobie
1391 2131 1442 2195 'dd

158 2241 311 2328 em*
255 2240 296 2280 te
325 2209 430 2290 horreo
443 2226 553 2291 redire
563 2236 712 2312 pereunt.
760 2225 826 2292 Sed
850 2226 1040 2341 posteriores
1064 2226 1200 2293 Romani
1220 2225 1442 2313 jurisconsulti

288 2288 460 2390 “discrete
484 2324 584 2412 magis
609 2324 688 2390 duas
711 2333 891 2391 statuerunt
913 2326 1032 2415 species
1047 2324 1238 2415 postliminii,
1255 2334 1292 2392 ut
1307 2333 1366 2392 aut
1381 2347 1442 2394 noe

323 2431 533 2500 revertamur,
549 2430 606 2489 aut
619 2423 738 2510 aliquid
753 2423 950 2512 recipiamus

229 2541 334 2637 mg·
393 2522 452 2590 IV.
487 2524 508 2588 1
537 2521 751 2588 Retinendum
776 2531 812 2590 et
832 2524 910 2591 illud
935 2521 1144 2613 Tryphonini,
1176 2522 1231 2611 qni
1256 2523 1442 2613 postliminii

193 2539 223 2627 ¹3
319 2642 373 2710 Jua
404 2630 584 2711 competere
611 2621 658 2688 ait
683 2621 717 2687 in
748 2622 831 2690 bello
862 2632 920 2690 aut
951 2624 986 2690 in
1011 2645 1108 2714 pacet
1135 2644 1229 2691 aenan
1253 2625 1350 2713 paulo
1375 2625 1441 2693 alio

157 2541 182 2580 t

157 2586 190 2626 iii.

366 2790 494 2856 ¹ffiequri
502 2793 857 2855 metneeteonampemtt,
904 2797 947 2844 bet
956 2794 1048 2852 Lirim,
1061 2799 1088 2844 et
1102 2800 1222 2856 mutuae
1234 2796 1302 2858 pede
1316 2810 1373 2844 enm
1386 2798 1443 2845 Na·

321 2868 432 2931 tedsnto
445 2882 489 2915 ruo
503 2869 643 2930 deprehensi
655 2868 722 2929 eunt]
738 2869 802 2917 Vide
812 2883 857 2917 ex·
904 2872 968 2918 bide.
999 2871 1064 2930 (lib.
1079 2883 1177 2919 xxxiv.
1195 2886 1248 2933 nep.
1259 2871 1308 2931 ³5.)
1345 2872 1442 2921 simili·

321 2945 430 3006 emplum
454 2943 522 3006 apud
546 2943 663 2991 l’nrutam
687 2944 745 2991 belli
768 2943 857 3006 Cyprii
904 2947 998 3008 aliquot
1012 2947 1153 3008 enppeditat
1169 2947 1289 2995 Zosimus.
1324 2948 1362 2996 Ut
1381 2963 1441 2997 eece

320 3018 378 3069 no.
388 3032 410 3069 ι.
903 3020 978 3069 Probi
991 3035 1042 3084 par
1055 3035 1112 3069 enm
1122 3021 1240 3069 Vandalis
1254 3027 1281 3069 et
1295 3021 1441 3084 Burgundio

368 3093 457 3144 ¹Vide
473 3108 555 3156 eupra,
574 3094 665 3157 rap.6.
686 3095 759 3158 hnjue
778 3094 855 3154 Lihrl,
903 3093 938 3140 eie
955 3094 1030 3142 inita:
1051 3094 1095 3154 ἐφ’
1111 3095 1164 3156 ᾤτι
1178 3095 1221 3143 καὶ
1237 3096 1288 3153 nie
1302 3097 1377 3146 heinr
1395 3098 1440 3146 eei

321 3167 338 3231 ἱ
348 3171 387 3217 12.
398 3183 466 3217 num.
474 3172 498 3219 l.
527 3169 557 3217 J.
566 3169 599 3216 B.
902 3171 963 3216 τοὺς
973 3169 1159 3231 αἱῃιιιλιὸτοιιι,
1170 3173 1212 3219 oie
1220 3171 1315 3234 ἔτυχον
1323 3173 1440 3236 ἔχοντα,

365 3244 373 3279 ¹
386 3243 447 3292 Nisi
456 3244 485 3291 id
490 3246 572 3306 partie
587 3249 641 3291 erat
651 3242 853 3306 comprehensum]
899 3244 1047 3291 ἀποδοῦναι·
1057 3250 1112 3291 etet
1119 3247 1227 3306 predere
1235 3262 1325 3294 oram
1335 3255 1439 3311 dqeoe·

320 3320 530 3383 VndeJoeephum
540 3322 653 3382 Antiquae
661 3321 781 3369 Historiae
791 3335 854 3369 1111.
902 3333 999 3380 cumque
1022 3320 1140 3368 habehant
1165 3323 1274 3383 captione
1300 3324 1429 3372 redderent

319 3398 344 3445 2.
371 3395 487 3458 Polybine
512 3401 585 3457 paeto
604 3397 674 3457 ponit
694 3397 853 3454 comprehen·
902 3394 956 3441 Lib.
965 3407 984 3440 1.
997 3394 1065 3455 (cap.
1073 3395 1128 3455 69.)
1141 3397 1245 3445 etmilem
1254 3411 1341 3458 pacem
1351 3405 1438 3448 umet

319 3470 403 3518 oenoe
417 3475 447 3518 nt
463 3471 553 3531 captivi
569 3472 729 3518 redderentur
747 3471 772 3517 in
792 3485 854 3532 pnoe
901 3467 995 3515 Julinul
1005 3483 1060 3516 enm
1067 3470 1204 3532 Germanic,
1214 3471 1438 3537 (Liburnorum)

318 3544 434 3606 Philippi,
455 3545 604 3603 AEtolorum,
627 3560 683 3592 eum
709 3545 853 3605 exceptione
900 3544 959 3592 item
969 3558 1025 3590 cnm
1035 3545 1177 3607 Quadiequi
1187 3547 1211 3593 ln
1221 3548 1438 3607 Germmiglihro

318 3620 583 3678 tamen,etAntiorhi:
599 3620 720 3681 excerptis
735 3621 766 3666 de
782 3621 851 3681 lega-
902 3632 944 3666 ιιι.
971 3618 1080 3680 [Capi.
1095 3621 1258 3670 Sedibinihil
1271 3623 1346 3686 tale]
1372 3627 1439 3674 An·

317 3695 425 3744 ttontbnr
434 3696 458 3755 9,
467 3698 507 3752 28,
516 3698 555 3744 35.
585 3697 678 3744 Eodem
689 3697 801 3757 exempla
809 3697 852 3743 ha·
901 3696 996 3742 mianue
1006 3695 1161 3743 Mammam
1174 3697 1238 3744 libro
1247 3710 1318 3748 xrrr.
1333 3700 1366 3749 de
1376 3714 1439 3763 rege

371 3947 427 4004 111.
461 3944 524 4002 'lhe
538 3945 586 4001 old
605 3944 793 4018 phraseology
808 3945 843 4000 of
862 3945 912 4001 tho
930 3947 1058 4004 Romana
1072 3947 1161 4025 epoke
1175 3947 1209 4003 of
1219 3947 1282 4003 free
1292 3963 1360 4003 men
1373 3947 1438 4006 aleo

316 4049 350 4090 aa
367 4032 498 4089 received
519 4031 559 4104 by
576 4033 783 4104 postliminium,
797 4033 921 4105 namely,
933 4034 960 4089 it
976 4050 994 4088 a
1010 4052 1079 4091 man
1096 4041 1171 4090 went
1188 4041 1220 4091 to
1237 4033 1359 4090 another
1375 4036 1437 4110 city

317 4119 376 4175 and
396 4119 466 4176 then
487 4119 624 4174 returned
645 4118 734 4173 tobis
749 4135 822 4174 own.
866 4118 935 4174 Alae
952 4128 1088 4186 servante,
1107 4121 1214 4184 horres,
1234 4121 1334 4185 mules,
1355 4120 1437 4195 ahipe

316 4205 410 4261 which
424 4206 475 4261 fell
489 4206 550 4260 into
565 4205 615 4261 the
630 4205 753 4276 enemy'e
768 4203 870 4268 hands,
882 4206 940 4260 and
952 4224 1026 4264 wore
1037 4207 1107 4263 then
1121 4208 1250 4271 retaken,
1264 4223 1339 4263 were
1353 4224 1438 4265 reco-

316 4292 406 4348 vered
427 4292 467 4365 by
480 4292 693 4364 postliminium.
738 4289 801 4345 The
817 4291 891 4346 luter
904 4294 1003 4363 juriats
1020 4296 1105 4350 mode
1120 4302 1175 4350 two
1190 4293 1274 4348 kinds
1288 4293 1323 4347 of
1334 4295 1438 4366 postli-

316 4379 451 4434 minium:
470 4378 534 4434 that
550 4377 588 4449 by
607 4376 700 4432 which
716 4393 758 4432 wo
776 4378 918 4434 ourselree
936 4388 1044 4446 return,
1060 4380 1118 4436 and
1137 4381 1203 4437 that
1221 4380 1260 4452 by
1278 4378 1371 4436 which
1392 4398 1437 4439 we

316 4480 433 4520 recorer
447 4464 593 4536 anything.

372 4549 425 4605 IV.
457 4556 472 4604 l
497 4549 559 4605 Tho
573 4549 650 4620 right
664 4549 749 4604 exista
760 4549 790 4604 in
801 4567 860 4604 war
871 4552 928 4606 and
940 4552 971 4606 in
985 4569 1082 4626 ponec.
1115 4553 1152 4609 In
1166 4569 1264 4626 peace,
1277 4553 1301 4607 it
1315 4551 1437 4628 belongs

316 4642 348 4693 to
357 4635 439 4692 those
448 4635 520 4700 who,
531 4635 613 4690 when
628 4635 677 4690 tho
692 4652 749 4691 war
764 4637 865 4693 breaks
881 4644 999 4702 outone
1009 4656 1114 4710 among
1128 4639 1179 4696 the
1193 4656 1304 4712 enemy.
1342 4641 1438 4699 Other

315 4724 459 4797 prisonem
478 4723 512 4780 oi
530 4739 586 4779 war
600 4721 672 4779 hare
687 4730 738 4778 not
751 4724 965 4797 postliminium,
979 4734 1081 4799 except
1095 4725 1159 4783 thot
1173 4726 1210 4783 bo
1225 4727 1331 4799 agreed
1344 4745 1437 4802 upon,
