3192 5334
166 576 236 634 Car.
249 576 318 646 111.]
415 579 605 644 GEXTlUll,
626 579 694 635 UBI
716 578 769 634 DE
792 579 1034 637 lxmcnon’r..
1238 575 1280 636 55

168 752 266 810 emtus
282 742 455 831 piratarum
473 753 530 812 aut
549 744 706 812 latronum
727 744 838 813 civitas
860 756 917 824 est,
935 745 1055 814 etiamsi
1074 745 1158 813 sorte
1175 767 1279 834 requa-

167 845 289 910 litatem
305 847 462 932 quandam
480 846 563 912 inter
579 869 613 911 se
630 856 768 926 servent,
780 848 847 914 siue
864 870 927 934 qua
942 848 1044 913 nullus
1061 855 1158 912 emtus
1174 856 1280 936 posset

168 945 347 1012 consistere.
395 946 478 1012 Nam
499 946 533 1011 hi
558 939 715 1012 “criminis
735 969 829 1013 causa
846 949 1021 1015 sociantur:
1047 948 1092 1013 illi
1106 947 1165 1013 etsi
1180 947 1279 1014 inter·

168 1045 243 1112 dum
270 1046 383 1113 delicto
411 1068 474 1111 nou
500 1056 615 1112 recent
642 1047 723 1134 juris
754 1056 861 1114 tamen
892 1047 1017 1114 fruendi
1046 1069 1140 1112 eausa
1168 1046 1279 1113 sociati

168 1155 251 1223 sunt,
270 1156 303 1213 et
320 1146 437 1213 exteris
454 1145 508 1233 jus
529 1147 676 1224 reddunt,
704 1148 729 1213 si
753 1170 816 1212 non
840 1148 1022 1236 peremnia
1044 1145 1212 1212 secundum
1225 1144 1279 1233 jus

167 1257 300 1323 nature,
325 1246 410 1333 quod
424 1245 550 1311 'multos
570 1247 655 1334 apud
680 1248 811 1336 populos
834 1270 875 1314 ex
900 1258 991 1335 parte
1015 1245 1105 1334 quasi
1131 1244 1279 1312 oblitera-

168 1355 236 1413 tum
260 1346 336 1413 alibi
359 1346 561 1423 ostendimus,
587 1356 671 1413 certe
696 1349 866 1413 secundum
889 1358 983 1435 pacta
1009 1369 1078 1412 cum
1104 1345 1279 1434 quibusque

168 1446 265 1525 inita3
291 1453 348 1512 aut
368 1446 538 1511 secundum
562 1468 673 1513 mores.
727 1448 779 1513 Sic
803 1448 940 1523 Grmcos,
960 1468 1022 1533 quo
1039 1456 1181 1534 temporo
1197 1444 1279 1512 mari

168 1548 293 1635 praedas
318 1567 416 1635 agere
440 1568 499 1634 pro
523 1545 607 1612 licito
630 1547 816 1625 habebatur,
833 1547 1019 1613 abstinuisse
1043 1568 1064 1613 a
1086 1546 1222 1612 caedibus
1245 1553 1279 1612 et

168 1645 421 1736 populationibus
443 1645 612 1725 nocturnis,
631 1657 664 1714 et
679 1669 700 1714 a
715 1656 811 1734 raptu
828 1648 922 1714 boum
938 1658 1111 1724 aratorum,
1128 1654 1219 1712 notat
1234 1644 1278 1711 ad

169 1746 388 1836 Thucydidem
421 1745 611 1814 scholiastes.
673 1747 761 1813 Alios
793 1747 889 1813 etiarn
923 1747 1063 1834 populos,
1094 1745 1206 1810 itidem
1236 1760 1388 1811 oxma

167 1857 260 1934 rapto
278 1847 430 1924 virentes,
452 1847 507 1912 ubi
529 1869 570 1912 ex
591 1846 671 1912 mari
692 1847 819 1913 domum
836 1870 870 1912 se
887 1855 1081 1932 receperant,
1099 1843 1218 1910 misisse
1235 1844 1278 1912 ad

167 1947 309 2014 dominos
325 1950 379 2012 ‘ut
398 1954 493 2033 rapta
511 1945 539 2011 si
559 1947 675 2013 vellent
697 1968 787 2032 aequo
808 1947 910 2032 pretio
935 1946 1137 2022 redimerent,
1160 1966 1278 2011 memo-

166 2055 220 2114 rat
237 2047 363 2114 Strabo.
415 2046 467 2111 Ad
484 2046 564 2112 tales
583 2046 722 2134 pertinet
741 2057 774 2112 ot
797 2047 851 2112 ille
868 2045 1000 2112 Homeri
1020 2044 1105 2111 locus
1126 2046 1278 2132 Odyssea
1289 2062 1419 2157 &gro

167 2146 190 2238 ξ
206 2151 299 2234 (vers
316 2149 370 2225 85,
389 2158 421 2213 et
436 2149 558 2233 seqq.):

341 2266 392 2321 lini
409 2264 457 2334 μὲν
473 2261 614 2334 δυσμενέες
631 2264 672 2318 καὶ
689 2262 819 2336 ἀνάρσιοι,
835 2263 864 2320 οἵ
877 2265 901 2320 τ’
918 2265 963 2322 e'rrl
980 2267 1058 2338 γαίης

339 2349 487 2424 Ἀλλοτρίης
503 2353 599 2417 βῶσιν,
615 2351 658 2404 καί
675 2353 743 2421 σφιν
759 2353 824 2409 Zeis
840 2348 920 2420 ληΐδο
937 2350 999 2425 δοίη,

340 2437 512 2508 Πλησάμςνοι
528 2436 560 2492 δι’
575 2458 605 2491 rr
623 2439 684 2505 νῆας
702 2438 767 2502 ἔβαν
784 2437 883 2492 οἶκόνδε
900 2437 1018 2504 imm,

339 2522 390 2580 Καὶ
406 2525 526 2595 padernis
543 2523 634 2580 ὄπιδος
651 2526 775 2596 κρατερὸν
791 2524 850 2580 δέος
868 2524 896 2577 ἐν
912 2523 996 2596 φρεσὶ
1012 2523 1112 2579 πίπτει.

341 2645 400 2716 Ipsi
415 2645 502 2699 etiam
515 2650 613 2715 raptus
629 2644 713 2706 aridi,
728 2645 777 2716 qui
792 2644 887 2700 aliena
900 2650 1051 2717 pererrant

340 2731 460 2797 Littera,
476 2747 610 2785 concessu
626 2731 766 2802 Superum
782 2732 806 2786 ai
820 2730 917 2803 praeda
930 2736 1046 2804 reperta
1060 2737 1113 2798 eat,

339 2819 365 2872 N
370 2818 467 2872 aribus
482 2817 605 2889 impletis
620 2815 735 2882 abeunt,
749 2824 781 2872 et
794 2818 859 2872 vela
871 2823 1055 2889 retorquentr

341 2905 454 2977 Quippe
465 2904 542 2959 Deos
553 2910 686 2959 metuunt
696 2919 837 2959 memores
848 2903 929 2958 fandi
940 2909 1027 2976 atque
1038 2902 1166 2960 nefandi.

164 3077 221 3110 rrum
235 3076 282 3110 nort
291 3061 341 3122 depe
354 3063 506 3122 congregata,
519 3057 562 3105 ced
573 3056 697 3115 injustitie
747 3075 795 3106 σον
805 3058 834 3104 ἐκ
843 3059 965 3119 παλαιοῦ,
971 3059 1153 3121 τελευτῶντος,
1162 3061 1217 3109 otti
1224 3061 1279 3109 τόν

140 3129 142 3132 ⁴
163 3153 240 3187 cama
255 3139 282 3184 t'n
297 3141 478 3184 tenremonde.
516 3133 648 3194 Procopius
666 3145 697 3181 11.
746 3135 922 3182 εἰσπλεόντων
936 3136 998 3194 παρ’
1014 3138 1104 3184 αὐτοὺς
1121 3138 1163 3185 eat
1179 3137 1279 3199 χρωμᾶ·

169 3214 361 3262 Vandalicmm.
392 3212 467 3272 (Cap.
476 3208 527 3268 15.)
746 3226 794 3254 νων
809 3209 950 3271 ἀπείχοντο
966 3211 1120 3290 {domigena
1133 3213 1165 3259 αδ
1180 3213 1278 3274 meque

209 3298 221 3324 e
239 3289 275 3337 Ut
293 3294 368 3350 rapta
386 3288 409 3334 ςί
430 3284 515 3332 vellent
534 3297 600 3345 aquo
614 3283 695 3344 pretio
745 3284 811 3328 arari
822 3285 920 3343 predas
931 3286 1038 3347 epirmt,
1050 3292 1194 3349 portrm
1205 3285 1279 3334 neiis

138 3415 142 3424 Ι
163 3363 315 3424 redimerent]
333 3363 405 3410 'sales
420 3364 447 3408 et
461 3360 496 3406 illi
512 3373 614 3419 qnorum
632 3359 696 3404 Saxo
745 3358 839 3418 quidem
847 3359 889 3418 qni
898 3359 933 3405 ad
941 3373 981 3406 eor
989 3361 1195 3421 iprroreorarnereii
1203 3373 1279 3410 eura

164 3439 274 3484 meminit
291 3439 354 3483 libro
372 3432 431 3482 xrr.¹
452 3435 523 3494 (pag.
540 3432 608 3491 234.)
635 3433 695 3479 Ideo
745 3434 1046 3492 reciperandorum
1057 3437 1183 3496 tnjariom
1212 3438 1278 3500 (Vit-

164 3514 258 3574 Seyrios
265 3511 410 3558 Plutarchus
419 3523 474 3555 enm
482 3513 591 3568 tempore
601 3507 696 3568 pejores
746 3508 844 3558 Cimon.
854 3512 933 3571 p.48³
942 3511 980 3572 o.)

163 3591 243 3637 factos
252 3591 336 3634 notat:
351 3584 494 3644 ληϊζόμενοι
505 3583 530 3629 δὲ
540 3582 588 3638 ruis
597 3581 695 3630 ddhee·

163 3812 282 3870 robbers
297 3829 331 3868 or
344 3811 449 3886 pirates
463 3827 482 3866 a
496 3815 578 3874 state,
593 3808 730 3881 although
745 3810 815 3885 they
824 3828 956 3883 preserve
968 3827 987 3867 a
1000 3818 1060 3868 sort
1071 3812 1106 3868 οἰ
1116 3811 1201 3886 eqnal
1214 3811 1259 3868 rul

163 3917 267 3970 among
281 3899 370 3962 them,
382 3897 500 3952 without
512 3897 602 3950 which
615 3897 717 3951 indeed
729 3914 767 3952 no
780 3898 856 3970 body
868 3899 901 3953 oi
911 3917 975 3954 rnen
988 3916 1041 3954 ean
1054 3898 1123 3954 hold
1134 3899 1275 3972 together.

162 3987 222 4042 For
235 3985 304 4041 such
319 4002 337 4038 a
349 3983 425 4055 body
436 3985 460 4039 is
473 3983 628 4038 associated
640 3983 686 4036 sor
697 3982 746 4037 tlte
759 4001 881 4056 purpose
893 3986 927 4040 of
935 3988 1034 4042 crime:
1050 3986 1103 4042 but
1112 3986 1162 4042 the
1170 3986 1276 4048 others,

162 4071 273 4144 though
283 4071 351 4142 they
361 4087 409 4124 ore
417 4078 468 4124 not
476 4070 536 4124 sreo
545 4070 618 4124 from
628 4069 709 4133 fault,
721 4087 770 4124 are
781 4072 938 4128 associated
948 4073 986 4146 hy
995 4074 1104 4128 mutual
1112 4073 1210 4145 rights,
1219 4072 1277 4128 and
1380 4145 1382 4149 Ι

162 4157 363 4229 acknowledge
382 4158 490 4213 certain
504 4155 593 4228 rights
609 4156 638 4209 in
654 4156 764 4222 others;
787 4158 814 4211 if
828 4166 879 4214 not
896 4159 986 4231 rights
1004 4159 1156 4231 according
1170 4166 1201 4215 to
1213 4157 1279 4214 Ni?
1304 4197 1323 4206 -

161 4247 238 4301 tural
250 4246 318 4300 Law
333 4242 437 4313 (which
455 4245 478 4298 is
494 4243 573 4311 osten
593 4241 679 4296 much
697 4240 889 4323 obliterated),
909 4253 958 4318 yet
975 4246 1066 4318 rights
1078 4244 1232 4319 anthedii}
1301 4294 1311 4302 .

162 4322 272 4389 ceitain
293 4332 486 4388 conventione
499 4346 531 4385 or
549 4345 658 4399 usages.
697 4329 775 4384 Thus
793 4328 843 4386 tho
859 4330 976 4397 Greeks,
988 4332 1071 4388 while
1089 4332 1157 4404 they
1171 4330 1239 4386 held
1254 4330 1277 4385 it
1308 4318 1321 4361 J
1392 4328 1396 4357 ’-

161 4410 562 4491 ladini'lopln'nde'f'n't'sen,
577 4414 724 4469 nb'slitiued
742 4417 818 4471 from
833 4404 956 4483 murder,
970 4419 1045 4473 from
1063 4416 1278 4488 night-attacks,

161 4505 315 4562 audirem
339 4505 444 4574 seizing
465 4520 538 4558 oxon
556 4503 612 4556 ond
628 4502 757 4574 ploughs,
778 4521 809 4557 as
829 4503 878 4558 the
898 4504 1038 4559 Scholinst
1052 4512 1082 4558 to
1098 4501 1279 4575 Thucydides

161 4599 253 4648 notes.
290 4591 382 4647 Other
393 4591 515 4653 natione,
533 4606 563 4644 as
579 4590 742 4644 mentioned
758 4589 796 4663 by
810 4591 922 4656 Strabo,
937 4591 999 4645 who
1014 4590 1089 4646 lired
1103 4589 1142 4662 by
1156 4589 1280 4662 pluuder

159 4685 193 4734 at
204 4695 261 4744 sea,
275 4695 349 4733 nere
368 4677 398 4731 in
413 4676 463 4732 the
478 4675 568 4742 habit,
577 4675 660 4732 when
674 4676 743 4750 they
757 4677 816 4732 had
830 4677 940 4732 carried
954 4677 1031 4732 their
1047 4676 1170 4750 plunder
1183 4675 1278 4739 home,

159 4765 195 4821 ot
210 4765 329 4838 sending
341 4773 372 4821 to
386 4762 436 4820 the
452 4779 561 4821 owners
576 4769 607 4820 to
622 4780 736 4820 ransom
750 4765 774 4820 it
786 4770 818 4820 nt
831 4781 850 4820 a
863 4764 919 4820 teir
932 4764 1019 4838 price.
1059 4764 1099 4820 So
1110 4763 1229 4820 Homer.
1269 4835 1273 4842 Ι
