3192 5334
166 435 239 493 Ger.
251 428 321 506 xi]
400 434 701 492 mmmmm
722 436 767 494 IN
787 437 915 498 BELLO
936 440 1070 501 JUSTO.
1219 436 1284 502 199

165 602 370 693 susceperint,
392 602 525 671 ferenda
541 625 667 693 quoque
683 603 725 672 sb
742 602 818 694 ipsis
833 606 910 697 belli
926 609 1017 677 melu
1069 608 1285 679 infortunato·

165 726 238 772 rum
260 703 439 793 exemplum
458 713 533 771 sunt
556 704 612 782 illi,
638 704 779 792 quinon
803 707 909 775 hostili
937 709 1042 777 animo
1067 711 1153 800 opud
1177 712 1285 780 hostes

165 814 250 881 sunt,
276 805 385 893 quoles
407 805 616 872 Athenienses
637 805 832 894 temporibus
852 809 1087 888 Mithridaticis,
1112 812 1284 900 dequibus

165 906 210 971 sio
231 906 371 994 loquitur
387 904 528 972 Velleius
547 906 763 974 Paterculusr
774 911 808 974 si
826 913 901 997 quis
921 913 981 979 lese
1003 912 1187 979 rebellandi
1206 926 1283 981 unr-
1294 931 1411 973 usum

158 1030 238 1094 pus,
256 1030 320 1095 quo
335 1007 474 1074 Athena
489 1019 689 1094 oppnpnata
710 1031 734 1074 a
750 1010 853 1077 Sulla
873 1024 959 1090 surit,
983 1014 1129 1101 imputat
1144 1015 1284 1082 Atheni-

165 1109 306 1184 ensibus,
331 1108 472 1173 nimium
495 1110 568 1174 neri
588 1111 823 1195 eesmratnque
843 1113 985 1197 ipuorue
1003 1126 1074 1180 este
1098 1115 1181 1182 adeo
1196 1115 1284 1182 enim
1325 1155 1330 1164 -
1354 1144 1358 1150 ·

165 1221 258 1275 certa
273 1209 523 1274 Atheniensium
539 1209 577 1274 in
595 1211 763 1278 Romanos
781 1214 867 1296 fides
881 1215 968 1299 fuit,
992 1227 1030 1280 ut
1045 1236 1170 1301 semper
1191 1227 1224 1283 et
1245 1217 1284 1283 in

165 1310 257 1376 omni
271 1331 317 1386 re,
344 1309 506 1396 quiequid
520 1309 651 1376 sincera
658 1312 730 1395 fide
749 1325 927 1397 pereretur,
950 1315 990 1380 id
1003 1315 1150 1382 Romani
1164 1315 1284 1382 Attico

158 1413 240 1494 fleri
250 1410 486 1496 predicarent.
529 1411 679 1477 Ceterum
697 1423 766 1478 tum
782 1416 930 1500 oppressi
942 1414 1161 1482 Mithridatis
1176 1415 1284 1482 amnis
1364 1461 1368 1467 -

165 1511 311 1577 domines
326 1511 520 1576 miserimus
541 1512 749 1589 conditionis,
774 1535 850 1579 cum
866 1514 910 1578 ab
927 1515 1075 1582 inimicis
1091 1527 1283 1597 tenerentur,

165 1611 449 1699 oppupnabantar
464 1611 510 1676 ab
526 1612 655 1689 amium,
672 1625 703 1678 et
719 1614 850 1679 animos
868 1625 966 1680 entra
982 1615 1116 1693 moenia,
1142 1637 1285 1704 corpora

164 1713 352 1778 necessitati
372 1710 546 1776 serenes
564 1713 656 1776 intra
679 1735 788 1779 muros
806 1714 994 1781 habebant:
1019 1735 1091 1803 quae
1115 1736 1191 1804 pers
1211 1736 1284 1804 pos-
1325 1752 1329 1760 ·

164 1820 269 1878 treum
285 1831 326 1877 ex
343 1808 434 1876 Liuio
454 1817 558 1876 sumtu
574 1809 675 1877 sideri
694 1819 810 1898 potest,
825 1813 911 1900 spud
930 1834 1023 1900 quem
1044 1813 1188 1881 Indibilis
1204 1814 1283 1882 His-
1293 1817 1449 1870 ΜΗ·

163 1932 265 1999 penus
291 1930 405 1997 eorpus
427 1909 585 1977 duntaxat
609 1931 700 1977 suum
722 1910 809 1998 spud
833 1913 1119 2004 Carthaginienses,
1143 1913 1283 1983 mimum

164 2011 251 2099 opud
268 2013 429 2077 Romanos
444 2008 492 2076 sit
507 2008 611 2077 tuisse

241 2114 264 2179 2
299 2113 484 2188 Nimirum,
509 2117 547 2176 ut
566 2109 614 2177 sit
637 2108 758 2194 Cicero,
782 2135 900 2191 omnes,
924 2137 1060 2202 quornm
1084 2116 1123 2182 in
1143 2117 1284 2185 alumne
1294 2129 1420 2218 &eunt

163 2236 267 2279 mauu
283 2213 355 2280 uita
363 2214 480 2298 posita
495 2222 552 2290 est,
571 2213 695 2298 sapius
718 2215 875 2299 capitam,
899 2217 984 2298 quid
993 2218 1103 2302 possit
1122 2217 1164 2296 is,
1187 2217 1284 2301 crp'us

163 2315 343 2382 inditione
360 2335 402 2378 ae
412 2322 577 2398 potestate
588 2324 678 2389 eunt,
696 2334 797 2398 qnam
810 2316 893 2400 qnid
908 2315 1159 2401 debentsacere.
1191 2316 1284 2384 Idem

163 2437 223 2502 pro
242 2412 391 2504 Ligario:
417 2414 553 2479 tertium
570 2424 617 2478 est
635 2424 769 2499 tempus,
786 2435 850 2498 quo
859 2426 939 2502 poet
955 2416 1132 2482 adventum
1149 2418 1232 2483 Vari
1245 2418 1284 2486 in

164 2517 289 2602 Africa
305 2514 451 2582 restitit:
476 2513 563 2600 qnod
584 2514 617 2580 ei
633 2524 681 2580 est
697 2515 919 2593 criminosum,
937 2517 1143 2584 neomsitatis
1157 2519 1283 2586 orimur

163 2629 221 2696 est,
242 2637 308 2683 non
323 2615 513 2680 uoluntates.
565 2611 673 2699 Atque
688 2613 749 2678 hoc
765 2623 891 2681 secutus
906 2623 956 2682 est
976 2615 1122 2683 Julianus
1136 2615 1172 2683 in
1187 2637 1283 2685 esuss

163 2714 420 2803 Aquileiensium,
443 2721 526 2780 teste
541 2710 719 2789 Ammiano,
741 2714 796 2801 qui
819 2735 889 2780 cum
905 2736 1077 2802 paucorum
1097 2715 1282 2806 supplicium
1293 2726 1394 2769 ”m
1403 2728 1433 2769 ¹2

162 2824 334 2895 narrasset,
364 2812 491 2902 adjicit:
511 2814 639 2879 residui
664 2835 772 2881 omrtes
797 2816 951 2882 abierunt
975 2818 1116 2894 innecii,
1140 2839 1220 2905 quos
1243 2818 1282 2886 in

162 2919 379 2983 certaminum
403 2914 530 2980 rabiem
560 2915 751 2982 cnecessitas
779 2927 900 3001 eperat,
930 2937 995 2981 non
1019 2917 1181 2984 uoluntas.
1227 2916 1282 2984 Ad

163 3014 360 3107 Thucydidis
384 3013 487 3081 locum
516 3011 558 3079 de
587 3011 832 3104 Corcyrensium
861 3012 994 3103 captiuis
1023 3014 1159 3084 venditis
1189 3025 1401 3085 verutum

161 3196 227 3258 piens
239 3191 444 3256 dispertitione
456 3189 617 3248 ἆπᾶστησαν,
631 3205 696 3251 συγ-
745 3189 824 3238 Paulo
833 3191 1009 3238 sententium
1018 3204 1044 3240 v.
1060 3192 1132 3241 tttl.
1147 3190 1198 3254 51.
1213 3195 1281 3242 mbo

161 3271 264 3335 γνόμην
278 3270 338 3332 ἔχω·
353 3270 450 3332 ierom
467 3267 526 3326 illis,
545 3266 588 3328 qui
604 3265 696 3327 defice·
746 3265 820 3322 enim,
833 3269 862 3312 ut
875 3265 990 3327 synesius
1003 3266 1046 3325 eit,
1061 3266 1169 3330 ἰσχυρὸν
1177 3265 1280 3328 dudm

127 3345 130 3350 '
161 3351 219 3394 runt
235 3361 254 3392 a
268 3345 344 3403 noim,
361 3349 455 3406 repente
471 3342 545 3388 hone.
576 3342 695 3389 Contem-
745 3339 855 3400 πρᾶγμα
873 3340 915 3387 rel
930 3340 1023 3400 βίαιον·
1043 3355 1083 3389 res
1098 3347 1134 3389 est
1149 3342 1235 3390 satida
1248 3356 1281 3391 ac

161 3422 239 3483 plutio
251 3425 366 3468 extremus
378 3415 529 3467 eremitati·
543 3415 595 3462 hnc
607 3413 696 3461 dieitur
744 3413 850 3462 ridente
858 3414 993 3462 marites.
1023 3414 1280 3466 Juveueltsdecsh·

161 3670 332 3729 misfortune
352 3670 410 3727 snd
430 3672 566 3729 misdeed.
611 3673 652 3729 So
674 3671 815 3746 Gylippus
833 3671 977 3729 considere
991 3677 1022 3728 to
1036 3669 1129 3727 which
1140 3670 1213 3728 eluse
1226 3669 1279 3729 the

161 3758 320 3815 Atheniens
340 3758 455 3832 belong,
477 3758 536 3816 sud
558 3776 623 3833 ssys
645 3759 715 3833 they
737 3775 813 3816 sere
837 3765 890 3816 not
913 3775 981 3815 men
1005 3757 1202 3825 unfortunate,
1223 3757 1279 3814 bnt

160 3845 267 3917 unjust,
284 3844 343 3901 sud
360 3854 437 3902 must
457 3847 603 3903 therefore
619 3845 691 3902 beer
715 3845 766 3901 tho
785 3846 854 3902 orils
875 3845 909 3902 oi
929 3862 995 3899 war.
1030 3844 1073 3900 of
1090 3844 1278 3902 unfortunate

160 3948 288 4005 persons,
307 3932 450 4004 exsmpics
468 3951 517 3990 ere
536 3934 620 3990 those
638 3933 701 3988 who
720 3948 770 3987 ero
784 3932 854 3987 with
868 3930 919 3987 the
930 3948 1042 4003 enemy,
1056 3931 1177 3987 without
1190 3930 1278 4005 being

161 4018 267 4074 hostile
286 4019 318 4073 in
339 4020 427 4084 mind,
444 4036 475 4076 ss
498 4021 548 4076 tho
568 4019 727 4074 Atheniens
746 4024 777 4073 et
795 4018 846 4073 tho
863 4019 933 4073 time
952 4017 986 4072 of
1005 4017 1196 4073 Mithridates.
1236 4019 1277 4074 So

161 4104 330 4161 Pateroulus
346 4104 488 4164 describes
501 4106 591 4172 them,
605 4105 741 4180 supplying
760 4104 837 4160 what
854 4104 926 4176 Livy
941 4121 1013 4175 says,
1028 4103 1062 4159 of
1078 4103 1208 4158 Indibilis
1225 4102 1277 4160 tho

162 4191 313 4265 Spaniard,
334 4190 398 4247 that
419 4191 463 4250 his
480 4193 558 4267 body
575 4209 632 4250 was
649 4193 718 4248 with
736 4191 786 4247 the
810 4190 1037 4263 Carthaginiense,
1053 4188 1098 4245 his
1112 4189 1193 4245 mind
1206 4188 1277 4246 sith

161 4277 212 4335 tho
227 4280 363 4335 Romans.

217 4371 235 4419 2
258 4367 297 4420 So
313 4365 413 4420 cicero
430 4365 532 4438 speaks
550 4365 585 4422 of
595 4365 682 4422 inulte
696 4364 732 4422 of
743 4363 893 4436 necessity,
908 4379 939 4420 us
954 4362 1080 4437 opposed
1097 4367 1130 4420 to
1146 4361 1230 4421 those
1243 4361 1280 4420 of

160 4450 233 4507 will:
246 4467 277 4507 so
285 4452 425 4518 Julianus,
440 4453 490 4508 tho
501 4459 709 4508 commentator
717 4469 755 4508 on
768 4449 959 4524 Thucydides,
965 4467 1037 4524 says,
1048 4449 1113 4507 thst
1123 4449 1277 4524 soeording

160 4543 193 4594 to
207 4537 259 4593 tho
275 4537 347 4594 mild
366 4539 448 4612 spirit
467 4539 502 4595 of
513 4539 563 4596 the
583 4539 692 4595 Greeks
703 4539 753 4595 tho
770 4539 931 4612 Corcyreun
946 4539 1071 4610 captives
1084 4552 1160 4594 were
1172 4536 1277 4611 spnred
1376 4532 1380 4539 ’

163 4641 202 4681 on
218 4624 276 4681 this
290 4627 411 4698 mound.
448 4627 511 4683 Tho
529 4627 664 4684 Pluteens
685 4625 770 4699 plcsd
790 4624 841 4682 tho
860 4641 939 4682 some
955 4640 1057 4682 excuso
1071 4623 1102 4679 in
1118 4623 1277 4692 Isocraten
