3192 5334
342 572 385 636 48
573 580 768 647 QUOMODO
789 581 890 638 nunu
913 580 1096 636 GENTIUM
1115 577 1225 635 BONA
1314 575 1389 648 [lim.
1399 579 1459 638 ΙΙΙ.

342 745 464 838 Tyrius
480 757 655 837 caperetur,
673 747 732 814 hae
748 746 858 815 addita
874 769 988 814 eausa:
1013 747 1101 812 idem
1124 747 1460 832 Carthaginiensibus

340 861 374 916 et
396 849 483 934 Tyri
502 860 534 916 et
555 839 592 915 in
613 851 694 915 aliis
716 851 880 935 emporiis,
904 851 942 914 in
962 869 1036 936 quoe
1050 849 1245 934 frequenter
1270 861 1457 929 commeent,

340 961 536 1016 uenturum.

417 1049 475 1119 IV.
519 1048 595 1116 Alia
617 1048 807 1116 executionis
824 1047 969 1115 violentae
994 1045 1112 1136 speeies
1137 1054 1186 1113 est
1211 1041 1456 1144 ἐνεχυριασμδς

339 1147 407 1216 eive
433 1151 639 1237 ορι’φιονοιείο
668 1153 755 1217 inter
781 1150 924 1237 populor
952 1151 1106 1228 diuersos,
1141 1147 1226 1235 quod
1247 1149 1300 1236 jus
1329 1171 1456 1238 repres-

174 1261 326 1348 gdgma
339 1249 488 1315 saliorum
514 1257 629 1315 vocant
655 1249 846 1316 recentiores
871 1248 1095 1337 jurisconsulti,
1120 1249 1261 1315 Saxones
1291 1259 1324 1316 et
1355 1250 1455 1341 Angli

173 1355 327 1443 &wat
340 1348 612 1426 Witheruamium,
639 1358 672 1415 et
689 1348 773 1416 Galli
791 1348 895 1427 etiarn,
922 1349 975 1415 ubi
992 1371 1012 1415 a
1028 1371 1106 1438 rege
1128 1349 1291 1437 impetrari
1306 1350 1340 1416 id
1361 1351 1454 1430 solet,

243 1540 244 1543 Ἴ
337 1447 448 1516 literas
469 1449 598 1516 Marce.
650 1449 767 1516 Locum
790 1459 897 1517 autem
922 1449 1029 1528 habet,
1056 1459 1092 1516 ut
1120 1448 1210 1530 aiunt
1227 1449 1453 1538 jurisoonsulti,

338 1548 394 1617 ubi
405 1548 460 1637 jus
475 1548 661 1638 denegatur.
1495 1553 1500 1561 '

294 1653 297 1660 '
416 1649 458 1718 V.
502 1650 522 1715 1
557 1649 651 1729 Quod
665 1649 734 1716 fieri
749 1649 943 1740 intelligitur,
960 1657 1158 1716 nontantum
1175 1648 1454 1720 siineouternaut

339 1748 514 1818 debitorem
536 1749 686 1839 judicium
714 1750 800 1816 intra
821 1761 944 1838 tempus
972 1749 1117 1816 idoneum
1147 1749 1283 1816 obtineri
1304 1761 1452 1840 nequeat,

281 1876 283 1879 ·
339 1850 558 1918 verumetiam
575 1850 602 1917 si
618 1850 651 1916 in
671 1873 708 1916 re
726 1850 851 1917 minime
867 1849 964 1918 dubia
979 1852 1064 1936 (uam
1084 1850 1117 1916 in
1134 1849 1228 1918 dubia
1244 1864 1280 1916 re
1301 1872 1453 1938 praesum·

338 1949 385 2019 tio
401 1960 450 2018 est
466 1935 524 2040 pro
540 1950 590 2017 his
611 1950 664 2038 qui
681 1951 722 2017 ad
739 1950 859 2039 judicia
875 1952 997 2037 publice
1020 1950 1110 2016 eleoii
1128 1954 1213 2036 sunt)
1230 1952 1322 2038 plene
1339 1964 1452 2020 eontra

334 2050 389 2140 jus
405 2051 580 2140 judicatum
600 2051 660 2116 sit:
684 2072 757 2115 nam
779 2051 949 2118 auotoritas
969 2050 1138 2139 judicantis
1160 2074 1223 2117 non
1239 2051 1321 2117 idern
1338 2052 1371 2118 in
1395 2075 1472 2118 ex··

338 2159 435 2228 toros,
452 2150 537 2239 quod
552 2148 586 2216 iu
602 2149 743 2216 subditos
759 2150 853 2218 valet.
905 2151 1012 2217 Etiam
1029 2152 1112 2218 inter
1132 2151 1272 2218 subditos
1287 2174 1351 2218 non
1367 2151 1451 2220 tollit

338 2249 424 2340 quod
449 2271 527 2318 vere
552 2250 737 2319 debebatur.
804 2252 907 2318 Verus
931 2253 1067 2331 debitor,
1097 2254 1171 2320 lieet
1198 2254 1366 2322 absolutus
1392 2255 1450 2331 eit,

382 2439 739 2504 ·Piqmraeiotnterpoputor
751 2439 869 2502 domu]
920 2443 994 2491 dubio
1003 2449 1077 2491 nutus
1086 2459 1155 2492 error
1163 2446 1288 2494 Auctoris.
1317 2445 1405 2509 nit]

339 2517 455 2567 ntiaetd
465 2519 524 2566 dioit
533 2518 711 2565 Demosthenes
720 2517 745 2563 iu
755 2517 870 2564 Oratione
966 2518 1093 2568 ‘illatura
1113 2527 1190 2568 temere
1209 2522 1301 2568 donor
1315 2523 1450 2585 mend]

333 2609 385 2658 pro
396 2593 502 2654 Comen,
511 2600 537 2643 et
547 2595 692 2643 Aristoteles
702 2594 870 2642 OEeonomieon
920 2593 1038 2655 Spectant
1047 2597 1095 2644 hue
1102 2612 1157 2659 qure
1167 2598 1241 2644 hebet
1248 2598 1341 2646 Guiline
1348 2598 1396 2646 de.
1409 2614 1453 2647 ure

337 2672 451 2721 mado.
466 2671 534 2734 [pag.
548 2674 594 2720 603
613 2685 637 2720 o.
669 2671 717 2718 Sed
734 2671 801 2718 loeuu
815 2671 870 2718 De·
920 2671 1144 2719 publication.
1165 2687 1219 2733 erp.
1233 2674 1284 2720 viii.
1301 2687 1367 2721 uum.
1378 2676 1403 2723 ¹1.
1424 2679 1451 2723 et

337 2759 489 2795 neomenia
518 2761 568 2794 nen
588 2750 662 2804 extet,
682 2745 749 2807 quod
771 2745 870 2805 quidem
921 2747 1452 2808 quuiuelibrorv.eontrovereierumillue·

337 2822 420 2880 wiern,
429 2822 455 2870 in
470 2822 545 2870 nobili
560 2821 603 2868 illu
617 2826 643 2869 et
657 2821 732 2880 longa
752 2820 871 2867 Oratione
920 2818 994 2865 trium
1005 2832 1089 2878 ειμι.
1102 2818 1164 2879 541,

332 2912 384 2961 pro
403 2899 510 2956 Corone,
526 2912 610 2947 raum
627 2898 653 2944 in
669 2897 736 2943 brevi
753 2895 871 2944 Oratione
965 2892 1117 2955 scopora]
1147 2894 1210 2942 Vide
1230 2897 1366 2958 exemplum
1384 2897 1451 2958 opud

337 2974 404 3034 Πιρὶ
419 2977 467 3024 τοῦ
486 2975 618 3036 στεφάνου
637 2976 685 3030 τῆς
704 2971 871 3032 τριηραρχίαν
921 2969 1079 3016 Ammianum
1104 2971 1167 3018 libro
1185 2985 1252 3018 ΗΠ.
1277 2973 1319 3019 ubi
1337 2973 1451 3020 Julhnue

336 3065 397 3114 neg.
412 3054 456 3101 717
470 3064 486 3098 Α
502 3050 541 3112 [p.
560 3053 626 3108 1232,
641 3048 671 3110 4]
695 3062 767 3110 quum
786 3048 871 3094 tundat
896 3040 899 3043 ’
921 3047 1070 3093 Franeorum
1081 3050 1197 3107 quosdam
1207 3050 1297 3096 retinet
1305 3063 1383 3111 unque
1392 3051 1451 3097 duur

336 3127 623 3186 Bmoenrroufloee
634 3123 806 3173 Zileezuude
819 3124 872 3170 siue
921 3122 1010 3182 captivi
1023 3130 1135 3183 expecto
1144 3125 1285 3172 liberentur.
1313 3126 1387 3174 Adde
1395 3140 1451 3187 que

337 3381 470 3437 manifest
484 3396 588 3452 wrong,
603 3380 717 3435 citizens
735 3380 769 3435 oi
779 3379 830 3436 the
844 3383 917 3434 stato
931 3377 970 3449 by
984 3376 1076 3433 which
1090 3378 1146 3434 this
1161 3377 1212 3434 hae
1224 3377 1297 3434 been
1314 3377 1389 3436 done
1401 3397 1452 3436 ure

337 3468 479 3524 detained.
505 3467 583 3522 Thus
595 3473 626 3522 nt
639 3467 779 3539 Carthago
791 3483 870 3522 some
885 3465 1040 3520 interfered
1053 3475 1083 3519 to
1097 3472 1216 3537 prevent
1226 3465 1321 3521 Aristo
1333 3466 1367 3521 oi
1375 3467 1451 3540 Tyro

336 3555 424 3628 being
444 3554 540 3620 taken
557 3554 657 3627 eeying
671 3553 734 3609 that
749 3554 776 3609 if
793 3553 850 3609 this
865 3569 921 3608 nas
936 3552 1019 3616 done,
1037 3553 1078 3605 tlte
1098 3570 1171 3606 same
1184 3553 1276 3606 would
1292 3555 1321 3608 te
1341 3554 1409 3609 done
1424 3564 1451 3609 to

339 3642 552 3714 &amintam
570 3650 601 3696 ot
620 3641 699 3713 Tyra,
713 3642 771 3696 end
786 3642 817 3696 in
831 3642 905 3696 other
918 3640 1072 3713 mercennile
1087 3639 1158 3694 cilice
1175 3640 1286 3693 whitler
1304 3641 1363 3712 they
1381 3651 1452 3698 went

336 3730 369 3785 in
381 3730 518 3784 numbers.

395 3815 447 3872 IV.
483 3814 612 3872 Another
622 3813 692 3870 kind
707 3814 741 3870 oi
750 3814 801 3871 tho
814 3812 922 3869 violent
934 3814 1063 3869 exaction
1077 3812 1111 3867 of
1120 3811 1209 3884 rights
1225 3813 1247 3868 is
1260 3814 1358 3886 taking
1369 3831 1450 3871 seeu-

236 3956 241 3967 .
336 3899 1380 3975 mmmnfflaeuuuueno-reneeffleu
1394 3903 1451 3958 cau

337 3983 388 4046 the
402 3990 443 4043 Εἰ
460 3991 517 4044 lito
545 3991 587 4044 Re
608 3990 708 4064 risffl
726 3989 775 4044 the
792 3990 900 4043 Snxous
915 3987 973 4041 und
992 3989 1106 4058 Angles,
1126 3987 1371 4049 ll'itlernemiumr
1392 3989 1452 4045 aud

337 4075 388 4131 the
399 4068 742 4148 hiehbffaiffon‘g—wlffim
754 4076 777 4131 it
789 4076 813 4130 is
827 4074 948 4146 granted
958 4075 997 4146 by
1008 4073 1058 4129 tho
1073 4074 1150 4143 king,
1164 4075 1267 4130 Littera
1281 4077 1316 4148 of
1321 4075 1449 4149 Merene.

337 4162 403 4218 And
418 4161 474 4219 thie
488 4162 539 4218 has
553 4164 645 4236 ploce,
657 4181 688 4218 es
700 4162 749 4218 the
760 4163 859 4233 Jurists
873 4179 932 4233 say,
946 4161 1028 4215 when
1040 4161 1142 4232 ltights
1154 4178 1203 4216 ure
1215 4162 1325 4216 douied

395 4249 431 4303 V.
469 4256 482 4306 1
508 4249 576 4306 This
591 4251 614 4306 is
630 4249 1075 4323 understood„to,bo..permitted
1093 4248 1327 4318 bueustomLuot
1342 4249 1410 4323 only
1427 4251 1454 4306 if

349 4335 484 4408 udgment
499 4338 608 4408 against
626 4355 644 4392 u
655 4338 784 4392 eriminal
799 4354 833 4392 or
847 4353 864 4391 a
876 4336 978 4391 dobtor
995 4342 1099 4390 cannot
1118 4325 1301 4391 bo'obt'aihbd
1316 4336 1413 4393 within
1433 4356 1451 4394 a

336 4423 503 4480 reasonable
518 4424 602 4490 time;
620 4424 672 4480 but
685 4425 744 4479 also
759 4426 788 4479 in
804 4441 822 4478 a
833 4424 1075 4502 reryeleur‘caso,
1092 4421 1151 4487 (for
1166 4423 1196 4476 in
1210 4439 1227 4477 a
1241 4424 1374 4480 doubtful
1386 4443 1451 4481 ease

326 4449 387 4663 'the
404 4519 600 4584 presumptron
618 4511 642 4567 is
660 4504 706 4566 lor
721 4511 770 4567 the
785 4498 957 4566 established
971 4509 1096 4580 judgos)
1111 4508 1301 4586 ifjudgment
1315 4512 1451 4585 bogiven

336 4598 444 4682 pluiulg
465 4599 575 4671 against
597 4599 682 4676 right.
728 4599 809 4654 Even
826 4615 930 4669 among
948 4597 1070 4666 subjeets
1085 4614 1103 4650 n
1117 4614 1213 4669 wrong
1234 4608 1366 4656 sentence
1382 4601 1451 4657 does

335 4691 387 4740 not
413 4685 522 4741 abolish
543 4703 561 4741 a
579 4692 645 4743 true
665 4685 743 4742 debt.
788 4685 817 4740 A
834 4695 893 4740 true
918 4686 1008 4739 debtor
1032 4685 1130 4756 though
1150 4687 1273 4742 obsoluecl
1290 4688 1410 4743 amalus
1431 4706 1452 4741 a

334 4772 434 4839 dehwr,
447 4790 510 4847 says
525 4774 640 4830 Paulus.
675 4773 741 4830 And
755 4772 838 4829 when
852 4773 891 4847 by
905 4771 955 4829 the
966 4787 1063 4845 wrong
1077 4771 1164 4846 doing
1185 4775 1218 4831 of
1230 4774 1279 4832 the
1295 4774 1386 4848 judgo
1400 4774 1451 4830 the
