3192 5334
159 402 230 461 Car.
245 398 299 476 X.]
451 403 573 463 FIUNT
595 403 639 460 IN
660 402 787 461 BELLO
808 403 985 463 minure.
1213 399 1273 465 191

159 567 310 653 πόλεμον
337 561 487 642 δουλείαν
514 563 647 642 τιθίασι
674 561 808 640 δικαίαν.
861 561 994 645 ilaei
1018 563 1057 642 οίί
1083 575 1186 665 φασι·
1210 569 1274 656 τὴν

159 667 235 762 peip
255 667 367 766 α’ρχῆν
390 666 564 768 ἐνδέχεται
589 668 636 754 μυί
659 662 785 740 δικαίαν
807 671 890 740 εἶναι
916 673 986 741 τῶν
1005 667 1174 755 πολέμων·
1197 675 1274 758 qui·

159 775 241 838 dam
257 776 464 860 respicientes
472 776 559 860 justi
576 773 709 856 aliquid
725 764 841 856 (bosam
856 785 888 839 et
905 773 957 839 lea
964 774 1093 858 justum
1110 776 1197 860 quid
1212 777 1273 862 est)

151 875 283 959 justam
309 898 375 942 esse
402 879 500 941 aierit
526 876 714 942 servitutem
740 895 780 940 ec
808 873 911 948 betta·
936 886 975 939 ot
996 875 1128 940 onsnino
1142 875 1273 958 justam

160 997 227 1041 esse
252 989 383 1061 negant,
406 979 538 1060 qaorsdo
560 976 847 1060 acciderepotest,
872 985 909 1038 stt
935 974 1062 1059 irpusta
1075 975 1188 1060 suerit
1210 975 1273 1042 bel·

161 1076 259 1140 landi
285 1098 399 1142 causa.
452 1074 561 1143 Simile
585 1083 634 1141 est
658 1072 736 1139 illud
767 1071 965 1161 Thucydidis
988 1074 1022 1139 in
1049 1073 1410 1142 Thebanorumum

161 1176 326 1241 oratione:
359 1168 411 1250 oile
441 1174 474 1245 ἐν
503 1171 623 1272 χερσίν
651 1169 885 1250 ἀπεκτείνατε,
911 1169 976 1267 οὐχ
1004 1170 1121 1251 ὁμοίως
1141 1169 1274 1266 ‹laysi-

161 1296 232 1356 μεν·
258 1273 346 1344 turoi
378 1273 477 1354 νόμον
501 1276 572 1370 *peip
598 1268 638 1357 δή
664 1303 738 1342 τινα
765 1267 936 1368 ἔπασχον·
969 1276 1010 1340 de
1036 1276 1100 1352 leis,
1127 1298 1207 1362 quos
1236 1277 1275 1342 t‘ts

161 1377 316 1461 conflictu
340 1381 518 1455 occidistis,
542 1400 607 1445 scon
631 1377 714 1443 adeo
736 1375 928 1461 querimur:
951 1376 1077 1442 accidit
1106 1377 1193 1442 esaim
1214 1377 1275 1444 hoo

160 1477 234 1543 itte
243 1480 323 1559 jure
338 1480 584 1565 quodammodo.

239 1579 261 1643 2
297 1578 350 1645 Sic
372 1590 405 1647 et
429 1579 488 1667 ipsi
508 1575 722 1666 jurisconsulti
739 1573 886 1654 Romani,
903 1574 990 1662 qnod
1005 1597 1090 1665 saepe
1102 1575 1157 1664 jns
1173 1575 1275 1665 capti·

161 1677 269 1744 vitatis
290 1688 415 1758 vocant,
438 1680 514 1746 uhhs
535 1677 682 1765 mpuriam
704 1675 876 1764 appellant,
900 1685 934 1742 et
952 1675 1095 1764 aequitati
1111 1686 1274 1765 opponunt
1284 1691 1431 1788 5325·st

161 1778 320 1855 naturali;
343 1789 378 1847 et
403 1781 523 1847 Senem
546 1778 629 1846 servi
651 1799 766 1844 nomen
786 1797 828 1842 ex
848 1775 965 1863 injuria
984 1786 1105 1854 nutum,
1130 1777 1165 1844 id
1188 1777 1274 1864 quod
1287 1799 1398 1851 razna

161 1878 377 1966 saepeaecidit
395 1881 573 1969 respiciens.
620 1876 717 1966 Apud
742 1875 867 1943 Livium
888 1897 1014 1963 quoque
1038 1876 1115 1944 Itali
1136 1876 1430 1944 retinen-mnan

162 1987 212 2044 tes
232 2000 282 2055 ea,
305 2001 377 2067 qum
399 1979 607 2069 Syracusanis
629 1979 712 2045 bello
734 1977 931 2056 ademerant,
954 1975 1132 2064 pertinaces
1156 1977 1199 2044 ad
1221 1978 1276 2046 ob·

162 2078 323 2145 tinendam
339 2079 483 2168 injuriam
500 2081 710 2169 appellantur.
736 2077 821 2144 Dion
837 2077 1031 2143 Prusoeensis
1047 2100 1117 2145 cum
1134 2077 1275 2156 dixisset,
1286 2093 1396 2192 guesp-

162 2179 246 2245 hello
262 2189 380 2267 captos,
398 2181 425 2247 si
444 2181 487 2248 ad
508 2203 581 2247 suos
599 2179 776 2257 rediissent,
796 2177 977 2243 libertatem
999 2178 1151 2267 recipere,
1174 2178 1275 2258 addit,

161 2275 204 2353 uie
229 2273 340 2351 ἀδίκως
368 2273 593 2359 δουλεύοντας,
620 2294 657 2348 ttt
689 2283 747 2370 qui
772 2301 838 2366 per
863 2278 1028 2363 injuriam
1055 2281 1093 2346 irs
1120 2281 1277 2348 erucam
1396 2363 1402 2372 Ι

203 2383 309 2447 issem.
406 2382 411 2389 ’

152 2383 202 2529 fil
240 2481 442 2549 cLactantius
468 2481 508 2548 de
535 2479 728 2570 philosophis
752 2478 905 2566 loquens:
929 2502 1004 2545 oum
1029 2483 1070 2547 de
1091 2483 1206 2567 officiis
1230 2481 1441 2575 “aguntus

161 2605 232 2649 rem
249 2583 430 2651 militarem
448 2584 690 2671 pertinentibus
708 2582 893 2668 disputant,
910 2603 1009 2668 neque
1030 2583 1079 2648 od
1093 2583 1277 2667 justitiam,

161 2703 262 2770 oeque
279 2685 327 2748 ad
352 2706 465 2750 ueram
487 2686 643 2750 uirtutem
666 2682 934 2748 accommodatur
951 2681 1016 2748 itta
1035 2684 1277 2762 omnisurculo,

161 2784 221 2848 sed
237 2784 285 2848 ad
301 2784 388 2848 lieno
406 2787 512 2850 eitam
533 2803 715 2870 moremque
735 2781 873 2847 civilem,
922 2778 1013 2847 Idem
1035 2804 1108 2849 mox
1123 2803 1145 2850 a
1160 2783 1279 2850 Roma·

162 2880 213 2947 nis
228 2881 276 2949 ait
291 2882 432 2973 legitime
447 2883 551 2952 illatas
567 2882 709 2971 injurias

209 3055 697 3121 bNometleaejastassqaidestJSe·
746 3057 771 3103 ri
795 3062 891 3105 utrem
913 3059 1116 3122 istnnmshlioa
1136 3059 1280 3110 artatus

162 3147 225 3180 neca
242 3133 277 3180 ad
293 3133 406 3181 Helviam
422 3148 443 3182 o.
461 3133 484 3182 e.
499 3135 545 3181 elii
559 3133 636 3180 omis
648 3133 697 3179 sihi
744 3139 864 3192 precepta
874 3134 1147 3196 modiationem
1156 3134 1280 3184 tedam

155 3209 244 3274 justu
260 3210 343 3257 alienu
358 3215 425 3257 terro
433 3211 552 3270 jecerunt.
582 3209 696 3269 Pugnare
747 3205 906 3256 teneootemta
931 3225 978 3257 nou
998 3217 1117 3272 geratur.
1158 3213 1228 3260 idem
1246 3213 1279 3261 ds

162 3284 324 3342 videntnrjus
333 3288 359 3330 et
367 3283 456 3330 aliene.
482 3284 530 3330 Sed
540 3282 697 3340 concilianda,
747 3282 846 3329 dirersis
856 3285 963 3332 ecelesias
974 3288 1198 3338 observationibus
1211 3291 1281 3352 apud

162 3354 421 3402 ntdoeethieteutus.
451 3353 547 3415 Repete
557 3367 612 3415 qum
621 3367 697 3415 supra
746 3372 815 3405 ueros
829 3359 879 3406 Dei
893 3361 995 3410 cultores
1008 3366 1080 3411 etiem
1094 3366 1279 3428 ἱρεεόεἱὶεμ·

162 3431 212 3478 hoc
220 3431 283 3476 libro
293 3445 346 3491 cup.
356 3429 448 3492 ir.§2.
712 3440 715 3446 ’
747 3439 805 3481 outo
813 3441 875 3482 suut.
895 3435 1025 3496 [Ultimum
1035 3439 1279 3491 loonmhabstAne·

208 3515 220 3542 ε
234 3505 388 3566 hemum]
405 3506 558 3566 Augustinus
572 3520 630 3554 vero
644 3507 697 3568 epi·
747 3510 939 3569 toraGratiano,
948 3517 1019 3562 cans.
1028 3515 1195 3574 axiiiQuaest.
1204 3519 1277 3570 tau

162 3581 229 3628 stols
238 3595 262 3627 v.
277 3594 332 3641 quse
342 3584 381 3627 est
392 3581 424 3626 ad
435 3579 603 3627 Marcellinum
613 3597 619 3628 :
635 3579 696 3641 (Ep.
747 3596 827 3644 neque
836 3586 901 3632 enim
910 3586 968 3633 alibi
977 3590 1106 3652 reperitur,
1117 3593 1184 3653 qued
1194 3595 1278 3646 adam.

163 3652 292 3716 lasela
302 3652 374 3702 Edit.
383 3651 586 3714 Benedictis->ac
591 3667 639 3716 per
651 3655 696 3704 soe
746 3658 833 3724 Ι.Β.]
1267 3720 1271 3725 ,

221 3903 260 3958 11.
300 3909 315 3959 1
339 3904 401 3960 The
415 3923 493 3963 same
505 3907 670 3964 distinction
685 3909 709 3964 is
723 3912 808 3969 made
819 3913 858 3987 hy
870 3915 1024 3974 Marcellus
1034 3917 1173 3992 speaking
1183 3925 1214 3976 to
1225 3920 1277 3979 the

166 3990 291 4046 senate:
309 3991 349 4063 hy
359 3991 506 4058 Aristode,
520 3995 603 4050 when
617 3994 654 4050 ho
669 4013 732 4069 says
747 3998 811 4055 that
826 4002 946 4078 slarery,
963 4003 1074 4080 though
1091 4005 1197 4074 lasciui,
1210 4025 1277 4082 may

163 4075 203 4133 be
216 4078 329 4149 nujust:
349 4077 388 4148 by
402 4078 452 4134 the
465 4079 597 4136 Thebans
609 4081 639 4136 in
652 4083 841 4156 Thucydides.

220 4169 238 4219 2
261 4165 301 4220 So
315 4163 365 4220 the
381 4165 493 4220 Roman
510 4168 616 4236 jurists,
632 4168 741 4243 though
757 4170 826 4245 they
845 4175 933 4248 spealr
951 4175 984 4231 of
995 4175 1046 4233 the
1060 4178 1137 4252 right
1155 4177 1191 4236 of
1208 4196 1276 4256 cap·

164 4251 257 4322 tirity,
272 4251 332 4306 also
347 4251 403 4306 eall
415 4252 471 4307 this
486 4253 562 4326 right
582 4272 600 4310 a
614 4273 719 4328 wrong,
732 4260 846 4332 injusta.
877 4263 916 4318 So
930 4263 1046 4319 Seneca
1073 4266 1112 4324 So
1126 4266 1198 4340 Livy
1211 4285 1276 4344 says

163 4336 215 4392 the
229 4337 346 4393 Italiam
355 4354 429 4394 were
444 4339 585 4397 obstinate
600 4344 629 4418 in
644 4345 746 4417 injury,
760 4347 880 4404 bocum
895 4349 963 4422 they
977 4353 1105 4410 retained
1117 4354 1193 4411 what
1207 4355 1278 4430 they

163 4422 222 4477 had
241 4423 271 4477 in
285 4441 343 4478 war
357 4425 444 4480 taken
458 4427 533 4482 from
549 4429 598 4484 the
614 4431 795 4502 Syracusius.
821 4436 861 4491 So
875 4437 932 4492 Dio
947 4438 1118 4496 Prusmensis
1129 4442 1230 4515 speaks
1245 4442 1280 4499 oi

162 4511 289 4582 captives
303 4511 391 4567 taken
402 4513 433 4566 in
444 4531 510 4581 uer,
528 4533 559 4572 as
575 4520 700 4592 unjustly
715 4522 858 4579 enslored.
891 4525 930 4580 So
946 4525 1112 4583 Lactantius
1130 4545 1194 4601 says
1211 4527 1276 4584 that

161 4596 369 4673 philosophers,
384 4599 540 4676 discussing
558 4603 608 4661 the
622 4606 712 4680 rights
727 4607 761 4664 oi
780 4627 847 4678 war,
862 4610 900 4668 do
912 4619 964 4669 not
984 4611 1085 4686 regard
1095 4616 1201 4688 justice
1216 4616 1275 4674 and
