3192 5334
160 595 233 652 Osr.
248 589 331 661 XX]
408 591 478 649 UBI
499 592 553 648 DE
574 591 687 649 etms
709 592 915 663 Pscslenm,
936 596 1020 654 ETO.
1214 588 1281 657 347

161 785 234 829 cum
257 782 375 852 magne
398 759 608 828 innocentium
629 770 759 852 strage:
785 762 865 829 nihil
891 763 975 831 enim
1003 762 1034 830 ei
1058 761 1279 851 imputandum

162 871 222 938 cst,
251 863 305 950 qui
332 860 454 928 mavult
480 883 520 928 ce
543 861 667 928 retiene
694 873 828 940 contere,
854 886 926 950 qum
947 886 1036 952 spem
1058 863 1118 952 ipsi
1140 861 1279 930 maxime

161 963 358 1052 probabilem
382 969 528 1028 ostentet
581 961 703 1029 Sedet
726 962 787 1029 hee
813 986 923 1030 rerum
948 973 1007 1041 est,
1033 963 1178 1051 quaedem
1204 985 1278 1051 qum

161 1085 228 1130 nen
244 1072 331 1131 recte
346 1062 436 1140 fiunt,
452 1062 494 1128 sb
509 1061 580 1128 eliis
592 1071 698 1128 temen
710 1073 798 1130 reete
814 1086 878 1130 nen
894 1063 1033 1152 probari,
1050 1064 1107 1130 sed
1123 1062 1276 1152 permitti,

161 1173 200 1231 ut
217 1164 367 1253 graviore
382 1163 475 1238 male,
489 1183 561 1248 quoe
571 1163 666 1229 nliter
682 1162 777 1230 citeri
793 1186 857 1229 non
874 1175 1014 1251 pessunt,
1027 1164 1182 1232 witcntnrs
1199 1184 1277 1250 que·

161 1265 258 1331 modo
274 1263 380 1330 multis
395 1262 430 1327 in
445 1262 522 1328 locis
537 1261 715 1331 tolerantur
732 1272 766 1331 et
783 1263 928 1353 improbe
947 1264 1069 1344 tenore,
1092 1274 1128 1332 et
1140 1263 1277 1354 impudi-

161 1364 270 1431 citiam
287 1363 438 1453 proiessae
455 1360 611 1430 mulieres.

236 1467 258 1532 6
294 1463 389 1579 Quod
410 1484 489 1553 erge
510 1485 608 1552 supro
631 1462 768 1532 diximus
787 1486 859 1532 enm
882 1465 924 1533 dc
943 1464 1168 1554 proeveniende
1190 1463 1274 1532 belle
1264 1486 1405 1581 mpero

160 1572 324 1655 ageretur,
350 1586 376 1630 si
366 1563 466 1640 due,
490 1585 568 1652 ques
584 1566 668 1631 inter
685 1565 725 1631 de
742 1587 843 1654 regno
859 1566 1073 1632 controversie
1090 1576 1148 1643 est,
1168 1565 1274 1654 parati
1286 1579 1441 1676 ιιιιιι

161 1667 226 1732 sint
242 1665 326 1732 inter
343 1687 377 1732 se
393 1662 490 1731 armis
506 1687 645 1743 comere,
671 1665 740 1753 peti
759 1665 794 1731 id
816 1687 907 1753 pesse
928 1665 1089 1754 populum,
1113 1676 1150 1732 ut
1171 1638 1379 1754 majorne

161 1766 326 1832 calamitas
342 1764 503 1852 ceteroqui
527 1764 692 1831 imminens
707 1765 865 1833 evitetur.
890 1765 974 1832 idem
991 1775 1034 1842 et,
1051 1787 1122 1832 eum
1137 1765 1274 1832 debello

161 1866 302 1932 liniendo
321 1865 438 1956 agitur,
462 1865 629 1933 dicendum
652 1864 724 1932 erit
772 1867 957 1944 ‘Quomodo
976 1864 1149 1953 Assyrium
1165 1886 1275 1955 rogem

163 1967 274 2054 Cyrus
290 1965 494 2054 provocarit:
519 1974 554 2032 et
570 1965 656 2053 apud
672 1964 861 2054 Dionysium
880 1965 1189 2032 Halicarnassensem
1205 1967 1275 2032 ille·
1287 1985 1413 2028 ιιιιιιιι

160 2066 228 2133 tius
244 2065 298 2144 ait,
317 2088 380 2133 non
392 2065 533 2153 iniquum
549 2066 655 2142 fuisse,
667 2057 724 2132 but
734 2065 793 2155 ipsi
809 2065 966 2154 principes
978 2065 1164 2154 populorum
1176 2066 1274 2132 umis

159 2188 232 2232 rem
248 2167 332 2234 inter
347 2189 382 2233 se
407 2166 629 2255 disceptarent,
655 2165 682 2231 si
707 2166 749 2232 de
773 2166 923 2254 ipserum,
948 2186 1012 2231 nen
1029 2165 1070 2232 de
1086 2164 1275 2254 populorum

160 2267 306 2356 potentie
325 2275 382 2335 ont
401 2265 557 2356 dignitate
577 2265 794 2333 controversis
815 2265 936 2332 fuisset
988 2265 1043 2332 Sic
1071 2265 1274 2332 cHorecliurn

160 2439 266 2487 wernher
287 2439 402 2501 periculis
421 2441 587 2502 objiceretnr3
612 2445 698 2490 name
745 2441 800 2490 Lib.
811 2453 836 2488 r.
854 2454 913 2502 pag.
924 2443 978 2490 151.
992 2439 1213 2492 semmel.
1241 2442 1278 2491 11·

162 2515 341 2562 Constantinus
362 2515 598 2578 Porphyrogennets
616 2517 697 2577 espite
744 2517 793 2564 lius
805 2521 887 2563 entem
904 2517 969 2564 inter
979 2517 1134 2566 Phsrnscnm
1149 2522 1177 2567 et
1189 2519 1280 2567 semo-

161 2594 195 2640 de
214 2597 294 2639 csstre
311 2591 450 2641 chersonis.
478 2591 543 2641 Vide
559 2593 697 2654 exemplum
746 2598 848 2648 metum,
867 2591 962 2638 nulium
982 2598 1021 2640 est
1035 2593 1165 2655 vestigium
1181 2594 1207 2641 ln
1223 2608 1279 2657 esp.

160 2669 293 2730 singuisris
316 2669 455 2716 certaminis
481 2669 512 2717 de
530 2682 609 2728 regno
631 2669 697 2730 epnd
746 2669 787 2715 De
799 2668 887 2714 Castro
900 2667 1281 2729 chersonis,qnodestnltinrum

161 2745 301 2794 Pontsnnm
310 2743 427 2791 Historia
435 2743 552 2792 Dorico.-
568 2748 594 2792 et
604 2743 698 2805 qnesds
746 2742 801 2791 Lib.
808 2756 840 2790 ιι.
852 2741 932 2791 Corn.
940 2743 1208 2806 Porphyreoensetaede
1217 2745 1280 2793 The·

159 2819 376 2882 proventionibus
391 2820 456 2866 inter
469 2819 585 2867 Csrelnm
595 2818 627 2868 V.
644 2819 697 2866 Im·
745 2819 866 2876 sentibusy
890 2832 971 2880 usqne
989 2819 1048 2866 stibi
1067 2819 1094 2866 in
1113 2824 1169 2868 tote
1195 2835 1279 2884 opere.

160 2899 301 2957 potatorem
315 2900 341 2942 et
350 2894 505 2942 Freneiscum
516 2893 625 2941 Primum
636 2892 697 2942 Gel-
745 2895 775 2945 J.
784 2893 831 2957 B.]

160 2971 199 3020 lin
217 2985 310 3032 regem,
331 2975 432 3019 mneos
448 2970 564 3018 historici.
595 2969 697 3031 [Certe-
791 2968 970 3032 eHeracliotes]
986 2970 1281 3034 Wdedymoinnmlihso

160 3059 220 3094 men
235 3045 366 3106 singulm,
382 3045 412 3092 do
429 3060 478 3107 qno
495 3045 629 3106 Portiones,
648 3045 698 3093 tuit
746 3057 783 3094 nr.
794 3047 896 3107 cep.21.
906 3045 1116 3109 eth'rsdcgsrinm
1125 3048 1227 3111 esp-64.

160 3120 230 3168 iuter
247 3121 452 3182 Edmnndnmlet
470 3119 602 3169 connium.
632 3118 697 3168 Vide

160 3371 229 3431 thet
238 3370 277 3428 he
287 3370 350 3427 who
364 3372 516 3430 meinteins
531 3391 569 3429 en
582 3361 680 3446 nnjust
694 3389 787 3440 oense,
800 3373 858 3428 will
869 3371 906 3429 bo
920 3373 1073 3431 victorious
1086 3375 1156 3433 with
1167 3393 1186 3432 e
1198 3383 1282 3452 grest

159 3459 309 3531 sleughter
320 3458 354 3513 ef
364 3460 499 3515 innocent
510 3476 635 3532 persons.
673 3460 731 3516 Fer
745 3458 828 3515 there
841 3461 865 3515 is
880 3460 948 3516 then
961 3478 999 3516 ne
1011 3461 1105 3518 hiemo
1122 3463 1281 3537 impntsble

160 3553 196 3604 te
206 3544 268 3601 him
275 3544 348 3610 whe,
355 3546 385 3600 in
396 3546 466 3602 sech
475 3563 493 3600 e
501 3562 574 3611 cese,
586 3546 696 3619 prefers
708 3544 758 3602 the
770 3546 885 3602 cembet
896 3545 987 3602 which
996 3548 1075 3620 gives
1086 3549 1146 3603 him
1157 3549 1209 3606 the
1216 3549 1281 3608 boot

160 3633 240 3704 hope
260 3631 353 3688 which
374 3633 398 3687 is
416 3639 447 3688 to
468 3632 505 3688 be
519 3631 587 3688 hed.
632 3632 690 3686 But
711 3631 768 3687 this
786 3632 847 3687 else
867 3634 891 3688 is
909 3641 983 3701 true,
999 3634 1064 3691 thet
1085 3636 1164 3692 semo
1184 3635 1282 3711 things

160 3718 257 3774 which
273 3717 387 3794 msy'be
401 3718 476 3775 done
487 3718 605 3774 without
619 3717 723 3782 bieme,
733 3728 839 3774 ennnet
852 3719 973 3775 without
983 3721 1077 3777 blnmo
1088 3720 1126 3778 be
1136 3722 1282 3796 spprosed

161 3808 204 3881 by
215 3805 327 3874 others3
341 3804 452 3879 though
463 3805 532 3879 they
546 3823 611 3878 moy
623 3804 660 3859 be
671 3805 825 3877 permittcd
836 3804 900 3862 thet
911 3824 1013 3881 grnror
1023 3807 1102 3875 eriis,
1112 3807 1205 3866 which
1213 3826 1282 3867 osn-

161 3899 217 3951 not
234 3892 384 3950 otherwise
397 3892 435 3949 be
449 3892 577 3957 ereidod,
594 3909 661 3965 may
673 3889 711 3947 bc
725 3891 863 3949 oreidcd:
886 3909 918 3949 ss
936 3894 967 3950 in
984 3912 1071 3971 meny
1084 3911 1172 3966 esses,
1192 3912 1282 3971 usnry

160 3981 222 4037 and
236 3980 484 4052 prostitutionem
497 3977 645 4035 telerntcd.

220 4075 238 4122 5
260 4065 417 4123 'therefore
434 4065 510 4121 what
529 4082 571 4120 we
586 4064 659 4119 hove
673 4064 734 4119 said
745 4064 845 4134 ebore,
856 4067 939 4124 when
951 4085 995 4126 we
1005 4069 1094 4145 spohe
1106 4068 1141 4127 ei
1149 4076 1282 4145 present·

161 4155 215 4227 ing
225 4169 294 4218 wer3
310 4152 375 4208 thet
386 4151 413 4206 if
420 4157 475 4208 two
487 4169 604 4224 persons
616 4152 744 4206 between
755 4150 849 4208 whom
861 4155 914 4211 lies
926 4154 976 4212 the
985 4156 1099 4231 disputo
1110 4153 1284 4231 mutumne

161 4258 183 4297 n
196 4239 342 4312 kingdom,
363 4255 413 4294 ore
433 4237 522 4311 ready
540 4246 571 4294 ιο
590 4237 662 4310 fight
681 4238 705 4292 it
722 4245 773 4294 out
793 4240 823 4293 in
845 4241 1005 4307 scomhnt,
1023 4241 1073 4299 tho
1091 4242 1195 4317 poeple
1215 4259 1284 4317 moy

161 4327 248 4384 allow
262 4326 286 4382 it
300 4331 331 4382 te
345 4325 382 4380 be
402 4340 434 4381 se
454 4324 582 4389 decided‚
600 4324 663 4380 thot
678 4323 728 4380 the
741 4332 855 4397 greater
871 4327 1006 4401 celemity
1022 4326 1115 4383 which
1133 4327 1284 4387 otherwise

161 4413 295 4488 impende
307 4429 373 4485 moy
384 4411 421 4467 bo
432 4412 566 4477 nweided3
582 4429 647 4485 moy
658 4411 695 4467 bc
710 4411 771 4467 soid
785 4409 855 4468 hero
871 4413 941 4479 else,
952 4413 1035 4469 when
1050 4413 1101 4471 tlte
1111 4415 1243 4487 question
1257 4415 1283 4473 is

161 4501 254 4556 ebent
267 4498 451 4570 termineting
468 4498 518 4554 the
529 4515 596 4555 wer.
634 4498 669 4553 In
686 4497 743 4554 this
760 4515 832 4572 wey,
847 4499 937 4573 Cyrus
952 4499 1119 4575 challenged
1134 4499 1185 4559 the
1198 4501 1284 4577 Assy.

161 4588 228 4644 rien
242 4586 326 4658 king:
345 4585 402 4641 end
417 4586 447 4641 in
458 4585 620 4659 Dionysius,
634 4585 739 4642 Metius
754 4601 818 4659 snys
833 4585 898 4643 thot
913 4587 936 4643 it
949 4586 1043 4643 would
1058 4596 1110 4645 not
1123 4585 1197 4645 here
1207 4587 1283 4647 been

161 4676 271 4746 nnjnst,
280 4673 346 4729 thet
355 4670 407 4728 the
413 4672 523 4730 ienders
533 4673 567 4729 ef
575 4671 625 4729 the
636 4680 692 4729 two
700 4673 817 4748 peoplcs
825 4671 929 4731 should
941 4672 1111 4731 themselves
1120 4673 1221 4733 decido
1231 4673 1284 4735 the

159 4767 271 4819 moster
289 4760 330 4836 hy
346 4777 366 4817 s
381 4759 506 4826 combas,
525 4759 552 4816 it
570 4759 621 4818 tho
637 4768 822 4837 controversy
841 4776 917 4821 were
935 4760 1109 4837 concomites
1125 4760 1203 4823 their
1217 4778 1283 4823 own
