3192 5334
159 587 245 644 cnr.
259 581 383 655 xxm]
558 586 611 642 Di:
633 585 725 643 emt:
747 584 899 644 nuent.
1224 578 1289 644 40³

159 751 247 819 velo
262 751 396 819 candido
414 750 545 819 tacitum
567 752 687 819 hebent
709 752 835 842 signum
860 751 951 840 pctiti
975 747 1140 839 colloquiis
1166 750 1286 846 oblige-

159 852 254 920 bunt
269 875 346 942 ergo
360 874 425 919 non
441 852 543 919 minus
559 873 653 939 quem
670 853 696 918 si
714 875 791 920 rece
808 853 942 942 petitum
960 861 1052 921 esset.

250 955 309 1020 VI
355 952 489 1040 Sponsie
505 974 526 1019 s
542 953 672 1020 ducibus
689 953 774 1020 lecte
788 963 944 1041 quotenus
961 950 1057 1018 incito
1072 951 1288 1040 opprobstss

163 1053 289 1168 populo
314 1063 372 1120 sut
395 1075 473 1143 rego
498 1053 618 1119 censeri
642 1052 765 1130 debent,
790 1064 825 1120 et
848 1053 939 1119 hoc
925 1075 993 1140 Jam
1018 1073 1116 1141 supra
1140 1051 1285 1133 diximm
1298 1075 1413 1120 court

164 1154 320 1220 nimirum
337 1151 392 1220 ubi
407 1163 441 1220 et
456 1163 545 1220 setus
559 1153 620 1220 suit
642 1153 795 1244 cognitus,
811 1162 845 1220 et
862 1153 980 1240 aliquid
1004 1152 1132 1231 iactum,
1150 1161 1207 1220 eut
1222 1175 1286 1222 non
1297 1124 1379 1221 liii

164 1252 289 1320 fectum
293 1251 408 1339 ‚cujus
425 1274 473 1319 rer
462 1252 552 1320 elis
568 1274 662 1320 muse
679 1265 771 1320 extrs
787 1253 982 1320 uoluntatem
997 1251 1114 1320 sederis
1129 1253 1287 1343 prehendi

165 1352 243 1418 deri
260 1375 323 1418 non
339 1351 446 1441 pessit
506 1429 510 1433 ‚

248 1453 325 1519 VII.
367 1444 489 1520 ‘Poenae
506 1451 646 1520 remissio
671 1473 712 1520 ex
734 1451 802 1520 soln
824 1451 1069 1520 dissimulatione
1091 1474 1155 1520 non
1179 1460 1285 1544 potest

165 1550 296 1642 colligi3
321 1551 377 1619 sed
394 1573 473 1642 opus
488 1561 538 1620 est
553 1553 683 1620 accedat
698 1562 787 1620 ectus
808 1553 882 1620 telis
899 1553 953 1640 qui
970 1562 1026 1620 ent
1042 1551 1209 1621 amicitiem
1225 1575 1285 1643 per

164 1675 204 1719 se
228 1653 383 1731 ostendet,
410 1661 447 1720 ut
468 1652 559 1720 sedus
583 1651 729 1720 amicitie
750 1674 854 1730 musa,
882 1663 939 1719 aut
960 1651 1135 1740 opinionem
1161 1653 1203 1721 de
1226 1652 1283 1721 nli

165 1753 292 1820 virtute
307 1754 356 1820 cui
374 1752 485 1820 merito
502 1753 661 1820 entelectn
676 1752 847 1819 condonari
864 1751 1011 1830 debeant,
1028 1752 1094 1819 sive
1116 1773 1156 1819 es
1178 1752 1283 1841 opinio

163 1852 275 1919 verbis
297 1853 432 1920 iudicatu
449 1861 507 1931 est,
529 1853 596 1921 sire
612 1851 707 1920 rebus
724 1873 795 1940 quoe
815 1871 856 1918 ex
876 1873 964 1918 more
987 1850 1138 1919 institute
1157 1850 1220 1920 sint
1241 1850 1285 1919 sd

164 1953 267 2019 talem
283 1952 550 2045 significationem.

165 2144 236 2192 gere,
251 2129 344 2178 Plinius
353 2129 407 2178 nu.
417 2142 488 2178 xxti.
499 2143 520 2178 c.
530 2132 553 2178 4.
585 2129 634 2185 in
644 2129 702 2177 vlctl
749 2129 824 2177 ellan
833 2130 897 2177 iuter
905 2133 1013 2176 matos
1022 2128 1100 2176 hostes
1109 2129 1196 2191 quietis
1204 2128 1237 2178 eu
1244 2128 1283 2178 in·

165 2221 194 2253 se
209 2206 304 2253 dedunt
318 2206 422 2254 inermes
436 2204 582 2266 supplicent,
596 2205 632 2252 sit
644 2205 700 2252 Ser·
749 2206 848 2254 dicium.
876 2205 1015 2266 (Cep-30.)

165 2282 221 2328 vius
231 2281 263 2327 sd
273 2294 292 2328 ι.
302 2281 402 2329 AEneid.
413 2279 488 2340 (set.)
796 2280 806 2315 ¹
818 2281 900 2328 ΡΜ
913 2277 1034 2340 remissio]
1051 2279 1154 2327 'l'rsetst
1167 2278 1284 2342 Polybius

214 2363 227 2390 θ
240 2353 323 2402 Hodie
332 2356 386 2402 ecla
395 2354 501 2402 candida
509 2356 607 2403 tactim
616 2354 702 2403 latmi
754 2360 866 2404 mustus
875 2355 1037 2416 inErcerptis
1042 2355 1207 2416 mationa,
1217 2369 1285 2404 nnn.

166 2433 263 2493 εἰρηκει
267 2433 341 2492 petiti
350 2431 475 2493 colloquii]
491 2431 561 2492 Ignis
573 2445 702 2480 sncoensns
751 2436 805 2491 122,
819 2447 851 2480 sn
861 2433 881 2479 si
891 2435 991 2480 remisse
999 2432 1032 2480 sit
1042 2446 1116 2494 poens
1128 2433 1158 2480 iis
1167 2433 1210 2495 qul
1222 2433 1285 2481 isel-

167 2509 242 2570 petiti
254 2508 371 2568 colloquii
382 2508 480 2569 signnm
490 2508 556 2568 cpnd
570 2507 702 2568 septentri·
750 2523 797 2556 nns
806 2508 895 2566 iecere,
909 2509 981 2556 simul
991 2509 1132 2556 remiscuit
1144 2508 1284 2556 nrsndstor·

167 2584 222 2630 onls
232 2583 344 2643 populos.
370 2582 484 2629 Meminit
493 2580 620 2628 Johcnnec
629 2582 702 2644 Meg·
750 2583 823 2629 ibus?
841 2596 890 2628 non
905 2589 975 2643 puto,
991 2582 1102 2643 slngules
1116 2582 1182 2629 eninr
1197 2585 1284 2631 unsnt

167 2673 215 2706 nns
224 2665 251 2706 et
260 2659 309 2705 siit
334 2659 428 2705 Plinius
437 2658 490 2706 Lib.
497 2670 541 2705 xv.
549 2660 588 2706 30.
599 2657 702 2705 deleu-
751 2672 796 2707 sus
805 2658 902 2706 dslicts.

168 2732 735 2806 ruriprnpnep'fermtquasspraetsndl·

167 2984 299 3057 assigned
312 2984 366 3041 but
376 2984 426 3042 the
438 2985 495 3040 will
509 2991 540 3042 to
552 3000 676 3058 opprove
690 2984 740 3040 the
755 2983 934 3040 convention.

226 3071 292 3126 vn.
331 3071 393 3126 The
407 3071 601 3128 remissiones
612 3089 629 3127 a
640 3071 757 3144 penalty
767 3077 874 3126 esnnot
887 3069 925 3125 be
936 3067 1075 3126 collected
1088 3067 1197 3141 merely
1206 3067 1283 3127 frons

167 3158 282 3214 silence.
329 3157 357 3212 It
372 3159 396 3213 is
413 3175 562 3232 necessary
576 3157 639 3212 thet
658 3157 740 3212 there
757 3158 792 3213 be
806 3155 899 3212 edded
914 3170 992 3211 semo
1010 3161 1066 3220 net,
1079 3153 1170 3210 which
1189 3154 1284 3212 either

167 3244 203 3300 of
213 3242 294 3299 iteelf
302 3242 391 3300 ehem
404 3244 571 3318 friendship,
593 3260 627 3300 er
638 3261 656 3300 e
666 3244 768 3315 lengue
785 3259 823 3299 en
835 3241 885 3298 the
896 3240 1006 3313 ground
1018 3242 1052 3297 ei
1064 3239 1231 3314 friendship,
1249 3257 1283 3298 or

167 3348 206 3386 an
218 3329 336 3401 opinion
350 3331 384 3386 of
391 3330 441 3386 the
453 3331 595 3387 existence
609 3332 643 3386 ei
654 3331 760 3386 virtues
771 3327 863 3383 which
875 3345 941 3399 mny
951 3327 1014 3399 gire
1028 3328 1085 3383 riso
1099 3332 1130 3383 to
1144 3343 1162 3382 e
1176 3326 1282 3385 condo·
1335 3394 1339 3403 ἱ

167 3416 314 3471 nationes
326 3417 457 3488 previous
474 3424 551 3483 aeter
569 3416 697 3472 whether
711 3415 774 3470 thet
788 3415 905 3487 opinion
919 3413 956 3468 be
971 3411 1121 3486 expressod
1137 3413 1168 3468 ln
1181 3413 1283 3481 words,

167 3519 203 3558 or
213 3503 252 3574 by
263 3518 361 3558 means
373 3503 407 3558 of
422 3502 517 3575 things
531 3502 623 3558 which
638 3502 677 3574 by
688 3508 797 3557 custom
809 3495 859 3556 ere
878 3500 1032 3571 appointed
1045 3506 1075 3555 to
1090 3515 1198 3573 conrey
1211 3499 1282 3557 euch

166 3604 310 3660 meaning.
