3192 5334
322 559 343 622 2
577 569 772 637 Quantum
794 571 840 627 IN
862 573 987 629 BELLO
1011 573 1160 642 Liceat,
1293 573 1370 650 [Lm
1383 527 1438 634 111.

321 736 348 804 l.
371 739 468 899 ΕΤ
493 737 547 826 qui
572 737 687 805 bellurn
712 747 836 830 gerant,
863 749 897 807 et
919 740 1031 828 quibus
1056 765 1097 809 ex
1122 742 1223 812 causis
1246 744 1444 836 belligerare

465 838 557 906 liceat
578 839 721 906 uidimus.
784 840 945 928 Sequitur,
979 843 1192 930 expendamus
1217 846 1317 933 ‘quid
1340 869 1447 934 quan·

320 946 451 1028 tumque
467 940 500 1006 in
518 940 599 1007 bello
617 941 718 1018 liceat,
736 950 771 1008 οι
792 943 905 1029 quibus
922 942 1042 1009 modis:
1070 946 1155 1030 quod
1175 955 1232 1014 aut
1248 947 1447 1036 nude'spee-

321 1048 420 1119 tatur,
436 1050 493 1108 aut
505 1063 546 1107 cx
562 1041 714 1129 promisso
726 1042 942 1109 antecedente.
974 1044 1008 1108 N
1008 1044 1080 1122 ude,
1099 1067 1138 1112 er
1151 1057 1275 1115 natura
1289 1047 1445 1136 primum,

322 1141 438 1211 deinde
454 1165 494 1210 ex
511 1143 651 1232 gentium
664 1141 748 1230 jure.
797 1142 883 1222 Quid
899 1165 977 1233 ergo
992 1155 1108 1212 natura
1123 1145 1216 1215 liceat
1231 1147 1405 1215 videamus.

157 1252 314 1349 &agyam
399 1244 444 1313 11.
489 1246 508 1308 l
543 1243 692 1322 Primum,
715 1252 752 1310 ut
768 1242 836 1331 jam
860 1253 935 1310 ante
957 1245 1091 1312 diximus
1112 1247 1287 1334 aliquoties,
1304 1269 1346 1315 ea
1365 1271 1447 1337 qnoe

323 1343 476 1410 adfinem
497 1343 616 1410 ducunt
637 1343 670 1408 in
687 1345 797 1410 morali
820 1346 961 1422 materia,
980 1346 1217 1414 aestimationem
1236 1347 1446 1416 intrinsecam

323 1442 479 1532 accipiunt
500 1443 626 1530 abipso
643 1443 725 1511 fine:
748 1467 847 1532 quare
864 1468 935 1533 qua
956 1446 998 1512 ad
1016 1447 1108 1514 linem
1124 1447 1207 1535 juris
1228 1450 1446 1536 consequendi

323 1552 398 1610 sunt
423 1542 624 1621 ¹ncoessaria,
652 1545 837 1612 necessitate
864 1555 968 1613 sumta
992 1569 1055 1612 non
1077 1548 1246 1614 secuudum
1272 1549 1446 1638 physicam

323 1641 528 1710 subtilitatem
543 1644 599 1710 scd
616 1644 787 1724 moraliter,
802 1645 844 1712 ad
861 1647 965 1734 cajus
982 1647 1101 1712 habere
1117 1647 1331 1738 intelligimur.
1376 1651 1399 1717 J
1402 1673 1445 1716 us

323 1743 393 1811 dieo
409 1743 487 1811 illud
503 1744 588 1832 quod
604 1744 712 1812 stricte
727 1746 773 1812 ita
795 1746 918 1824 dicitur,
936 1755 969 1814 et
989 1746 1170 1814 facultatem
1188 1746 1304 1836 οιςοιιάἱ
1319 1747 1355 1814 in
1371 1750 1445 1816 solo

263 1911 265 1916 .
323 1843 481 1911 societatis
505 1855 650 1933 respectu
672 1846 837 1934 signiticat.
887 1849 994 1926 Quare
1019 1847 1045 1912 si
1070 1848 1167 1914 vitam
1189 1847 1283 1915 aliter
1307 1871 1445 1918 serrare

323 1966 387 2010 non
412 1967 546 2034 possim,
571 1946 645 2012 lieet
667 1946 744 2012 mihi
771 1947 802 2011 ri
822 1947 1039 2035 qualicumque
1062 1969 1172 2016 arcere
1194 1970 1267 2015 eum
1285 1949 1342 2038 qui
1366 1973 1445 2017 eam

322 2045 455 2161 impetit,
482 2045 603 2112 etiamsi
631 2046 750 2112 forte
741 2070 767 2112 1s
794 2056 921 2134 peccato
951 2057 1050 2126 vacet,
1080 2057 1117 2115 ut
1142 2049 1318 2121 notavimus
1343 2051 1444 2119 alibi:

323 2145 398 2260 quia
417 2145 471 2234 jus
494 2147 557 2212 hoc
579 2169 643 2213 non
666 2147 793 2234 proprie
815 2170 855 2213 ex
880 2157 1008 2234 peccato
1030 2146 1160 2216 alterius
1181 2148 1292 2230 oritur,
1317 2150 1377 2218 sed
1397 2173 1445 2264 ex

318 2245 394 2334 jure
410 2247 495 2336 qnod
512 2246 589 2312 mihi
605 2269 664 2336 pro
682 2269 732 2313 me
746 2256 863 2314 natura
879 2247 1031 2315 concedit.

368 2403 464 2466 *Quid
476 2409 636 2467 quantumque
653 2405 680 2451 in
695 2403 755 2451 tello
772 2401 856 2466 liceat]
901 2403 1029 2466 pacificas.
1060 2403 1444 2469 Dejustitiainbellogerendo

323 2481 392 2529 Beue
401 2482 556 2544 Augustinus
566 2482 677 2544 Epistola
686 2494 750 2528 axx.
760 2482 795 2527 ad
807 2481 857 2528 Bo·
906 2482 1023 2528 uuanda
1036 2482 1174 2530 dissertatio
1186 2489 1224 2532 est
1233 2485 1334 2546 egregia
1342 2485 1445 2532 Belisa-

322 2557 440 2618 ar'jirrium
464 2559 591 2606 comitem:
615 2559 675 2619 (Ep.
696 2560 742 2604 220
766 2558 791 2603 in
815 2557 856 2604 fin.
906 2557 1304 2620 riiadmilitesapudProoopium
1316 2559 1444 2607 ructati-

322 2633 679 2696 Edit.Bcnedict.)uttnipcir
689 2633 800 2691 bellis&
810 2633 856 2678 ud·
906 2633 1174 2694 eorumrv.(oap.1ti.)
1205 2635 1380 2682 Orosiuslibro
1389 2647 1444 2684 ιιι.

323 2708 370 2756 huc
384 2710 411 2755 ιἰι
424 2711 460 2756 eie
473 2711 568 2757 versari
578 2714 600 2756 te
610 2724 670 2770 epus
679 2710 722 2768 est)
730 2709 808 2768 fidem
822 2714 857 2755 te·
904 2708 970 2756 Ecce
979 2709 1075 2770 recitas
1089 2715 1112 2756 et
1127 2711 1270 2772 temporibus
1284 2710 1444 2770 Christianis,

322 2797 390 2842 nm,
412 2798 501 2845 pacem
523 2798 628 2847 querar.
660 2785 773 2844 Epistola
797 2798 855 2831 σοι.
905 2784 1010 2843 qualiter
1019 2784 1083 2831 bellu
1092 2785 1183 2844 civilia,
1199 2801 1252 2833 οιιιι
1265 2786 1444 2846 vitarimu-

321 2858 389 2920 (189.
412 2858 479 2921 56.)
508 2859 571 2907 Este
585 2873 641 2920 erqo
656 2860 728 2907 ιιίαιιι
746 2857 857 2904 bellando
904 2861 1135 2920 rmttranrr'quatar.
1165 2861 1444 2913 Idemde'l’heodosioa

343 3110 481 3168 Omnes
495 3109 519 3166 1.
558 3107 678 3165 Gmerel
691 3076 775 3164 Rudas
789 3127 822 3164 us
836 3118 862 3164 to
876 3109 984 3163 wltetis
998 3109 1097 3182 loufitl
1110 3110 1141 3165 ιἰι
1158 3111 1232 3164 Wor
1245 3111 1279 3178 by
1292 3109 1422 3165 Natural

438 3230 443 3239 ·
481 3197 574 3260 Laws
595 3199 654 3251 aad
667 3198 756 3252 heran
767 3197 890 3267 ofdecce't
901 3196 1109 3268 andsaleeltood
1128 3192 1170 3266 [ιίι
1188 3190 1282 3266 wan]

382 3327 408 3383 1
443 3325 497 3399 We
510 3324 584 3380 have
597 3341 665 3380 seen
680 3324 742 3379 who
760 3341 826 3409 may
847 3340 929 3403 car-ry
943 3340 981 3379 on
995 3341 1061 3395 nur
1084 3323 1141 3390 aad
1155 3323 1241 3396 [rom
1244 3322 1322 3395 phet
1337 3339 1441 3381 causes

324 3412 394 3486 they
413 3429 480 3485 may
493 3412 531 3466 do
546 3413 570 3468 it
590 3411 723 3483 lawfully.
786 3418 796 3466 t
816 3411 924 3466 follows
939 3411 1003 3464 that
1017 3427 1058 3464 ιιο
1070 3411 1200 3488 consider
1213 3409 1311 3465 what
1297 3428 1332 3484 rs
1340 3409 1442 3467 laniul

324 3483 838 3565 tw
576 3482 1095 3564 yd'tiis'is'tobe
1090 3478 1257 3553 considered
1277 3474 1371 3553 either
1388 3514 1442 3553 ua-

323 3586 420 3660 kedly,
434 3603 468 3641 or
482 3603 512 3640 as
528 3585 689 3658 depending
702 3601 739 3640 on
759 3585 930 3640 antecedent
943 3585 1085 3655 promise:
1104 3583 1161 3638 aud
1176 3584 1307 3656 nakeclly‚
1317 3584 1381 3638 first
1400 3584 1443 3657 by

324 3673 448 3731 Natural
465 3672 544 3739 hau,
563 3672 620 3728 and
638 3679 706 3728 next
729 3671 830 3744 bytho
851 3672 918 3725 Law
937 3671 971 3725 ot
990 3670 1120 3726 Nations.
1165 3670 1221 3725 Lat
1242 3687 1275 3725 us
1299 3669 1368 3726 theu
1390 3687 1443 3751 sce

324 3759 421 3816 what'
412 3777 436 3816 rs
450 3759 570 3814 allowed
584 3759 623 3830 by
636 3759 759 3813 Natural
773 3759 849 3812 Lair.

379 3846 419 3902 II.
458 3851 473 3900 1
500 3846 585 3907 First,
597 3862 628 3900 as
642 3861 685 3900 we
696 3844 769 3899 hare
784 3844 900 3915 already
915 3843 1080 3917 repeatedly
1091 3844 1161 3910 said,
1173 3842 1223 3899 tbe
1235 3860 1332 3898 means
1346 3842 1442 3900 which

325 3932 392 3990 lead
406 3938 437 3988 to
456 3948 494 3987 au
506 3931 585 3986 end
578 3947 640 3985 rna
663 3931 754 3986 moral
766 3939 871 3985 matter
893 3932 1002 3987 receive
1021 3931 1096 3986 their
1112 3932 1241 3986 intrinsic
1261 3930 1343 3985 velue
1362 3931 1443 3987 from

273 4013 448 4121 (Dthe
391 4020 467 4076 end:
460 4017 643 4075 ·wherefore
658 4018 707 4072 the
722 4023 798 4090 steps
820 4017 883 4071 that
904 4034 953 4072 are
975 4035 1123 4090 necessary
1159 4026 1189 4074 to
1206 4035 1225 4072 a
1245 4018 1341 4072 lauful
1359 4001 1442 4087 end],

326 4093 452 4179 mauley
474 4106 562 4178 being
585 4105 672 4160 taken
698 4111 749 4160 not
776 4105 807 4158 in
833 4104 961 4176 physieul
986 4112 1132 4161 exactness
1161 4105 1214 4160 but
1241 4103 1370 4176 morully,
1397 4121 1442 4160 we

326 4193 430 4250 berea
443 4192 521 4266 right
540 4199 571 4248 to
586 4208 644 4247 use.
690 4192 733 4263 By
748 4191 845 4262 sight,
860 4191 973 4246 Iurean
993 4193 1049 4263 Rig
1050 4192 1083 4247 ht
1097 4193 1184 4247 taken
1198 4192 1316 4261 strictly,
1328 4189 1442 4246 suchas

326 4279 438 4353 implies
452 4296 470 4334 a
485 4285 668 4352 competence
680 4285 711 4333 to
726 4279 794 4332 aot
787 4295 816 4331 m
831 4284 943 4350 respect
957 4278 990 4332 of
1004 4279 1111 4350 society
1125 4278 1217 4332 alone.
1263 4276 1443 4343 Whemfore,

328 4366 355 4422 if
364 4367 495 4423 Icaunot
509 4366 658 4422 otherwise
670 4381 801 4436 preserve
814 4381 862 4436 my
874 4365 933 4428 life,
951 4365 965 4418 1
984 4382 1059 4436 may,
1082 4365 1120 4436 by
1138 4382 1195 4436 any
1212 4363 1293 4419 force
1312 4363 1405 4418 which
1426 4365 1443 4418 Ι

328 4469 382 4510 ceu
396 4469 455 4516 use,
469 4453 549 4525 ropcl
563 4453 622 4507 him
636 4452 699 4506 who
715 4452 811 4506 assails
830 4452 861 4514 it,
874 4469 945 4506 eren
959 4451 985 4505 if
997 4452 1033 4507 he
1046 4453 1082 4507 be
1098 4451 1218 4507 without
1236 4451 1325 4514 fault3
1347 4468 1379 4506 as
1399 4467 1443 4506 ιιο

327 4538 401 4596 hare
424 4540 576 4596 elsewhere
598 4539 706 4595 noted:
732 4538 852 4592 because
873 4539 928 4593 this
949 4539 1025 4608 right
1049 4539 1116 4595 does
1137 4546 1189 4595 not
1212 4537 1346 4611 properly
1368 4538 1443 4594 urise

327 4626 403 4682 t'rom
415 4625 464 4681 the
478 4626 553 4681 fault
567 4626 601 4681 ot
608 4625 737 4689 another,
750 4624 803 4680 but
816 4625 891 4680 irem
904 4626 952 4681 the
967 4626 1044 4698 right
1058 4626 1149 4683 which
1172 4633 1275 4682 nature
1292 4627 1372 4697 gives
1395 4642 1443 4681 me

327 4712 375 4768 ior
387 4729 436 4786 my
451 4729 513 4767 own
528 4714 731 4784 preservation.
1124 4706 1126 4710 ⁴
1503 4776 1511 4794 ξ

385 4805 404 4856 2
432 4798 564 4866 Further,
578 4800 593 4854 1
605 4817 671 4874 may
684 4801 752 4855 take
763 4801 921 4874 possession
933 4800 968 4857 of
978 4818 997 4856 a
1011 4801 1093 4873 thing
1104 4801 1258 4874 belonging
1271 4805 1301 4857 ιο
1313 4796 1444 4863 another,
