3192 5334
158 579 232 636 Car.
245 574 354 648 ΧΠ]
509 577 562 634 Αἱ)
585 577 710 634 FlDEll
731 577 782 634 ET
804 575 945 635 Pacuui.
1213 569 1278 637 407

159 743 283 811 utilitas
298 745 438 811 humana
459 742 570 811 eodem
587 744 707 812 trahit:
733 743 870 833 primum
888 744 1014 832 eosqui
1031 742 1134 812 minua
1150 743 1276 813 calent:

160 845 238 932 quio
252 845 460 933 periculosum
476 852 526 912 est
541 846 670 936 longum
692 868 762 912 oum
785 845 959 913 valentiore
981 853 1151 925 certamen,
1174 853 1217 923 et,
1240 853 1278 915 ut

161 944 197 1011 in
218 946 292 1012 navi
311 946 357 1025 fit,
377 945 505 1032 jactura
526 945 632 1033 aliqua
655 945 839 1013 redimenda
856 945 956 1033 major
970 944 1140 1030 calanutas,
1164 944 1278 1013 omisca

162 1045 214 1113 ira
230 1069 267 1112 ac
283 1068 340 1134 spe
356 1046 526 1125 fallacibus,
553 1057 589 1113 ut
610 1055 697 1113 recto
714 1045 823 1113 Livius
840 1046 929 1125 dixit,
946 1044 1136 1114 auctoribus.
1182 1045 1277 1113 Hunc
1288 1057 1418 1101 tib-M

162 1169 291 1215 sensum
306 1141 554 1215 ”Aristoteles
530 1168 574 1213 etc
590 1147 754 1214 enuntiat·
746 1149 929 1241 .κρεῖττον
945 1147 1017 1221 τοῖς
1031 1147 1202 1268 κρείττοσι
1218 1175 1278 1230 μα-

163 1276 221 1341 ρας
247 1277 283 1315 τι
305 1250 375 1316 τῶν
397 1242 618 1341 ὑπαρχόντων
639 1242 864 1367 προέρθαι.
846 1279 865 1328 η
889 1243 1028 1338 πολέμῳ
1051 1241 1277 1341 κρατηθέντας

163 1344 286 1421 αὐτους
303 1346 419 1418 αυτοῖς
434 1345 605 1440 χρήμασιν
624 1343 829 1418 α’πολὲσθαν
854 1352 963 1416 catius
978 1362 1026 1416 eat
1043 1350 1105 1425 Ιιίν,
1123 1372 1181 1434 quc
1174 1349 1278 1437 plue

160 1449 297 1534 pollent,
314 1448 447 1536 aliquid
463 1471 576 1516 rerum
591 1471 734 1518 auorum
750 1448 944 1537 relinquere,
959 1472 1060 1538 quom
1078 1451 1158 1519 bello
1174 1451 1277 1518 victor

139 1588 154 1640 ‚¹
163 1570 240 1616 cum
256 1551 352 1617 reboo
362 1550 485 1638 perire.

240 1650 281 1718 V.
324 1650 389 1717 Sed
404 1658 439 1717 et
454 1671 507 1717 eos
523 1648 579 1738 qui
594 1648 762 1717 validiores
776 1657 871 1717 sunt:
897 1648 972 1738 quia
986 1648 1075 1717 bonis
1091 1647 1156 1717 cuir
1171 1648 1276 1730 robur,

161 1756 202 1817 ut
225 1748 310 1817 idem
328 1749 438 1818 Livius
459 1772 523 1817 non
543 1750 645 1818 minus
661 1771 738 1818 vero
764 1748 820 1827 ait,
845 1750 951 1840 ampla
977 1773 1014 1817 ac
1038 1748 1179 1838 speciosa
1200 1749 1435 1817 mauman

161 1850 249 1918 tibus
274 1873 339 1940 pax
366 1860 434 1919 oet:
467 1873 505 1918 ac
534 1849 645 1918 melior
672 1850 832 1938 tutiorque
860 1873 955 1937 quam
981 1859 1108 1938 operata
1137 1848 1276 1918 victoria

163 1951 361 2039 cogitandus
381 1951 464 2018 euim
487 1952 578 2017 Mare
600 1951 790 2018 communie:
816 1941 987 2040 διεξιτέον,
1009 1949 1055 2017 ait
1078 1947 1276 2030 nrhneloe,

163 2047 227 2124 τᾶν
251 2049 445 2139 μεταβολᾶς
471 2047 534 2121 τᾶν
561 2047 597 2121 ἒν
622 2045 761 2141 πολέμῳ
788 2045 831 2124 ὥς
854 2050 981 2121 πολλαὶ
1004 2053 1058 2120 καὶ
1081 2045 1278 2146 παράλογοι

163 2153 330 2241 γίνονται·
353 2154 565 2239 cogitandum
582 2154 716 2219 inbelle
733 2174 835 2241 quom
846 2154 961 2219 multoc
976 2174 1140 2237 quomque
1155 2153 1278 2240 impro-

162 2254 244 2319 vieoe
260 2255 457 2320 mutationes
476 2254 627 2319 accidere
650 2254 785 2319 soleant.
840 2251 879 2317 In
901 2251 1043 2318 oratione
1065 2250 1202 2338 quadam
1218 2272 1277 2339 pro

162 2373 243 2441 pace
259 2353 364 2440 ²opud
386 2350 563 2418 Dindorum
585 2351 754 2440 culpantur
780 2358 812 2419 oi
836 2380 880 2419 το
870 2347 1119 2440 μέγεθος
1069 2379 1138 2418 των
1163 2347 1277 2432 εὑημε-

162 2448 320 2546 ρημάτων
350 2447 632 2578 προσφερόμεναι,
666 2449 785 2546 ὥσπερ
817 2453 879 2533 τῆς
908 2480 1015 2544 τυχης
1047 2479 1103 2519 ουκ
1127 2445 1278 2541 αναλλαξ

162 2549 346 2636 εἰθισμένης
368 2547 619 2647 βραβειῖειν
576 2581 622 2621 τα
649 2581 736 2620 κατα
760 2547 908 2633 πόλεμον
933 2545 1191 2644 προτερήματα·
1217 2552 1279 2636 qui

162 2675 275 2721 rerum
290 2666 464 2742 pectorum
486 2675 511 2718 α
533 2675 567 2720 ee
587 2654 854 2740 magnitudinem
871 2653 1040 2731 extollent,
1052 2652 1158 2740 plone
1173 2651 1278 2741 ρναεί

161 2871 217 2918 cap.
230 2857 253 2905 8.
273 2856 339 2903 unda
359 2854 432 2903 etiam
455 2854 548 2915 petitor
568 2857 606 2902 eat
624 2854 695 2913 alter,
746 2843 824 2902 menti
834 2853 1024 2901 imbecillitatem
1033 2850 1281 2913 prudentae-tenuit

161 2946 236 2994 quem
245 2932 344 2979 Auctor
356 2930 437 2978 adfert
450 2929 477 2975 iu
492 2930 645 2990 paragrapho
655 2944 693 2978 oe·
746 2928 889 2976 Drononus
900 2928 1020 2985 Srcnooa,
1034 2926 1102 2988 eujur
1115 2923 1191 2986 lpum
1206 2926 1281 2973 verha

160 3007 254 3070 quenti.
284 3006 355 3055 Mt.
746 3004 790 3052 illa
806 3010 871 3063 cunt,
886 3004 975 3064 ὅσπερ
990 3005 1038 3060 τῆς
1049 3003 1140 3064 τύχην,
1155 3001 1200 3051 ico.
1216 3001 1280 3051 Bu·

207 3083 218 3115 ¹
234 3082 321 3130 Oratio
330 3083 373 3129 illa
383 3084 436 3130 erat
445 3085 528 3129 contro
539 3079 635 3140 Pacem,
645 3094 694 3127 uon
747 3081 818 3129 lieth.
828 3080 894 3126 Birt.
910 3079 965 3126 Lib.
973 3090 1038 3126 1111.
1047 3079 1147 3139 cape&
1159 3078 1279 3140 pag-ace.

159 3173 208 3221 pro
226 3158 308 3206 Pace:
325 3159 439 3205 nimirum
456 3157 595 3218 Demagogi
612 3156 694 3217 cujno·
745 3154 796 3204 Ed.
808 3154 845 3203 Η.
856 3155 937 3215 Steph.
967 3153 1039 3201 Unde
1051 3158 1128 3214 patet,
1142 3153 1279 3201 Auctorem

160 3237 219 3282 dam
229 3234 388 3282 Atheniensis
399 3232 568 3294 Cleophontio,
584 3233 627 3294 qui
642 3233 695 3293 ipsa
746 3237 864 3289 nostrum,
880 3230 1001 3278 memoria
1019 3228 1086 3288 ritio,
1101 3234 1145 3276 aut
1160 3230 1279 3277 futinu-

120 3329 124 3335 ·
160 3324 242 3358 rerum
255 3316 375 3371 pertarum
388 3311 420 3356 ab
431 3308 614 3356 Atheniensibus
626 3321 694 3369 naq·
745 3311 806 3363 ἱοια,
819 3304 1099 3353 iulocoiotolaudando
1113 3303 1278 3367 Ῑιριιιωοικ,

161 3385 292 3433 nincdinenn
307 3385 442 3443 ertollehot,
456 3389 485 3431 ut
494 3385 583 3446 vulgar
595 3384 627 3431 ad
640 3383 694 3431 hal·
745 3379 774 3431 J.
785 3382 821 3432 B.

160 3463 214 3510 lum
239 3463 380 3510 concitaret.
411 3460 491 3522 Hnjna
514 3464 596 3507 autern
620 3473 695 3522 argu·
751 3514 753 3517 ¹

161 3756 278 3814 penses:
301 3739 453 3813 aspectally
475 3755 579 3812 among
602 3739 767 3804 Christiano,
789 3744 822 3796 to
840 3739 933 3797 whom
954 3741 1004 3798 tho
1025 3741 1104 3797 Lord
1121 3741 1173 3798 har
1192 3743 1279 3816 given

160 3827 207 3883 hia
221 3844 309 3900 peace
320 3844 351 3883 ao
370 3827 414 3882 hio
428 3827 537 3899 legaoy.
575 3826 639 3881 And
652 3842 683 3881 so
699 3827 733 3881 St
745 3826 827 3891 Paul,
841 3826 885 3882 his
896 3827 960 3883 hcet
969 3829 1150 3901 interpreter,
1163 3828 1279 3886 exhorta

161 3931 196 3968 uo
211 3919 242 3969 to
254 3914 310 3970 live
322 3921 352 3969 at
363 3930 450 3987 peace
462 3914 530 3968 with
542 3912 581 3968 all
602 3930 677 3970 men.
713 3913 752 3967 As
774 3913 881 3968 Sallust
900 3931 972 3988 says,
989 3915 1015 3968 A
1027 3915 1101 3986 good
1115 3931 1183 3970 man
1196 3915 1279 3972 taken

160 4017 202 4071 up
213 3999 264 4055 the
277 4000 433 4074 beginning
450 3999 485 4056 oi
493 4017 551 4056 war
561 3998 741 4073 reluctautly,
752 3999 810 4054 aud
823 3999 891 4056 does
905 4007 956 4057 not
976 4000 1071 4058 follow
1085 4001 1122 4058 ita
1139 4007 1280 4060 extremm

159 4085 305 4159 williugly.

217 4171 268 4227 IV.
306 4171 375 4228 Thio
393 4172 426 4230 of
443 4173 524 4229 iteelf
540 4173 630 4247 ought
643 4179 674 4229 to
688 4173 726 4229 he
747 4173 877 4245 enough,
894 4175 947 4230 but
959 4175 1039 4231 osten
1052 4175 1160 4232 human
1173 4174 1281 4250 Utihcy

161 4259 252 4314 drawa
266 4275 333 4314 men
348 4258 398 4315 the
409 4277 488 4317 caure
498 4277 575 4333 way:
599 4260 681 4317 those
693 4260 755 4315 first
765 4260 829 4316 who
842 4277 891 4316 are
903 4260 953 4317 the
971 4262 1110 4328 weakest3
1126 4262 1174 4318 ior
1183 4279 1202 4317 a
1211 4262 1281 4336 long

160 4345 287 4418 struggle
299 4345 367 4400 nith
385 4360 493 4402 amore
508 4347 647 4420 powerful
663 4347 838 4420 adroraory
830 4364 854 4403 ra
864 4348 1007 4420 perilous;
1022 4349 1079 4404 and
1089 4365 1120 4404 os
1131 4349 1161 4404 in
1172 4365 1191 4404 a
1205 4347 1280 4422 ahip,

159 4449 203 4487 we
217 4438 293 4487 must
316 4440 396 4488 avert
413 4451 432 4488 a
452 4441 565 4505 greater
584 4434 718 4505 calamity
732 4432 771 4507 by
785 4450 865 4490 soma
887 4435 953 4499 loss,
970 4435 1086 4509 pulting
1101 4452 1181 4509 away
1191 4451 1280 4512 auger

159 4518 218 4575 aud
237 4518 322 4591 hope,
340 4520 488 4575 fallacious
507 4520 640 4586 advisere,
657 4537 688 4575 as
706 4520 779 4593 Livy
795 4537 868 4593 eu5s.
915 4522 954 4577 So
969 4522 1114 4579 Aristotle.

214 4606 249 4659 V.
287 4607 346 4661 But
361 4607 420 4662 aleo
440 4606 497 4662 this
518 4607 604 4662 istor
615 4606 665 4662 the
682 4606 790 4663 benofit
812 4608 846 4665 of
859 4608 910 4664 tho
929 4615 1075 4682 otrouger:
1098 4609 1145 4666 ior
1162 4625 1195 4664 aa
1208 4608 1282 4683 Livy

158 4693 221 4750 aleo
236 4709 309 4767 says,
322 4693 365 4750 To
377 4692 457 4752 them
467 4709 566 4768 peace,
581 4693 607 4750 if
616 4693 686 4770 they
696 4701 782 4768 grant
793 4695 858 4766 itia
872 4694 1032 4754 hounteoua
1047 4696 1105 4754 aad
1116 4694 1282 4765 creditahle,
