3192 5334
320 516 384 580 190
656 519 812 579 Momm
831 520 885 576 DE
906 520 982 587 ms,
1005 520 1098 586 QUAE
1287 511 1361 588 [Inue
1375 517 1434 573 111.

318 698 357 760 ut
376 689 510 781 justitiae
534 698 642 782 partes
666 697 786 758 statuat
808 710 874 756 non
897 687 1018 756 violare
1042 684 1194 765 homines,
1217 684 1435 754 ¹verecundiae

268 810 271 817 ·
319 814 385 860 nan
401 791 569 860 offendere.

396 895 420 960 3
455 893 535 962 Cum
551 914 698 981 ecquem
715 913 755 958 ex
774 892 894 960 Seneca
910 888 1099 958 adduximus
1111 910 1205 957 seren
1220 885 1302 954 bene
1319 908 1435 954 conve,

155 1010 310 1100 galam,
321 992 369 1059 nil
384 991 502 1061 dictum
519 993 658 1082 ejusdem
674 993 708 1057 in
724 991 849 1080 seriptis
864 990 1104 1080 philosophicis:
1131 992 1264 1071 'Quem
1288 1000 1435 1074 anqusta

206 1083 214 1098 ’
320 1095 508 1161 innocentia
520 1095 627 1161 eetaal
644 1093 742 1179 leqem
759 1093 876 1158 bonum
892 1114 958 1160 esse
967 1093 986 1159 ‚⁹
1002 1103 1125 1180 querito
1139 1091 1242 1156 latius
1257 1091 1435 1175 officiorum
1480 1173 1483 1179 Ι

315 1206 414 1283 patet
438 1217 538 1281 quam
549 1193 643 1278 juris
666 1193 813 1277 requie?
837 1216 939 1280 quam
957 1193 1065 1258 multa
1081 1194 1205 1279 pietas,
1229 1191 1433 1265 humanitas,

322 1294 522 1373 liberalitas,
528 1295 680 1380 justitia,
686 1295 771 1376 fides
784 1295 946 1379 eeiqant?
961 1316 1033 1378 quae
1046 1294 1158 1358 omnia
1169 1302 1265 1356 extra
1272 1290 1435 1376 publicas

229 1417 232 1424 ’
325 1394 458 1461 tabulas
474 1406 560 1460 suat.
612 1391 678 1460 Ubi
697 1390 786 1459 rides
803 1391 856 1479 jus
872 1415 893 1458 a
904 1392 1028 1481 justitia
1045 1389 1205 1480 distingui,
1223 1388 1298 1476 quia
1310 1388 1363 1476 jus
1380 1409 1435 1454 ac·

159 1481 288 1591 3213ss
325 1492 401 1582 cipit
416 1493 460 1571 id,
477 1493 562 1580 quod
577 1493 610 1558 in
622 1490 749 1580 judiciis
765 1493 905 1559 externis
922 1493 1020 1582 viget.
1053 1491 1144 1557 Idem
1160 1489 1194 1555 id
1208 1488 1283 1555 alibi
1298 1488 1436 1575 explieat

153 1593 155 1597 ’
324 1592 454 1681 egregie
468 1591 612 1680 exemplo
624 1591 706 1680 juris
722 1591 831 1658 herilis
845 1592 878 1658 in
894 1615 1022 1660 servos:
1046 1595 1091 1658 Ia
1105 1591 1272 1678 manesque
1288 1592 1436 1675 eoqitaa·

325 1695 406 1759 dam
422 1705 480 1769 est,
496 1716 561 1759 aaa
580 1705 747 1780 quantam
760 1693 852 1758 illud
867 1696 1000 1781 impune
1009 1694 1090 1780 pati
1098 1693 1231 1779 possits
1258 1693 1317 1756 sed
1330 1712 1437 1777 quaa-

326 1805 398 1859 tum
416 1794 479 1858 tibi
493 1796 670 1882 permittat
685 1795 771 1879 aqui
787 1794 923 1877 benique
939 1801 1076 1870 natura,
1092 1815 1167 1876 quae
1180 1813 1320 1877 parcere
1335 1793 1437 1856 etiam

323 1895 469 1980 'captivis
494 1905 526 1960 et
542 1895 653 1979 pretia
669 1895 810 1978 paratis
824 1893 927 1977 jubet.
978 1892 1120 1960 Deinde:
1143 1915 1218 1958 eum
1242 1893 1281 1956 ia
1306 1912 1437 1958 seruum

324 1995 438 2060 emnia
456 1995 586 2074 liceant,
603 2005 650 2060 eet
667 1994 800 2077 aliquid
823 1996 908 2081 quod
929 1996 967 2060 irs
982 1996 1144 2060 haurirem
1160 1993 1257 2058 licere
1271 2012 1438 2057 commane

317 2094 378 2180 jus
394 2095 616 2160 animantiam
626 2105 728 2161 vetet:
745 2114 808 2180 quo
824 2092 858 2159 in
874 2093 942 2160 loeo
959 2093 1101 2160 notanda
1112 2092 1227 2159 iterum
1240 2090 1324 2160 vocis
1340 2091 1438 2158 licere

325 2193 453 2261 diverse
468 2192 619 2280 acceptia,
636 2193 739 2259 altera
753 2193 903 2270 exterior,
920 2193 1022 2260 ultera
1040 2192 1183 2263 interior.

162 2309 276 2352 nene
284 2311 316 2351 ³1·
403 2294 446 2361 11.
489 2296 509 2360 1
544 2293 690 2360 Eundem
706 2293 805 2360 habet
821 2315 946 2360 sensum
963 2293 1018 2360 ills
1033 2292 1177 2360 Marcelli
1190 2291 1225 2360 in
1241 2299 1353 2358 senam
1370 2291 1438 2357 Ra-

326 2415 420 2461 meno
445 2393 618 2462 distinctio:
651 2416 716 2460 aon
748 2396 834 2481 quid
861 2417 917 2480 eqo
935 2397 1078 2480 fecerim
1104 2397 1142 2461 irs
1170 2394 1438 2480 disquisitionem

326 2497 423 2572 venit,
441 2517 537 2580 quem
553 2497 716 2579 quicquid
732 2496 770 2560 ia
785 2496 935 2561 bostibae
945 2496 1021 2581 feci
1029 2499 1093 2577 jae
1110 2495 1188 2562 belli
1207 2495 1363 2580 dq‘endit,
1379 2494 1439 2559 sed

327 2596 414 2682 quid
438 2597 498 2662 isti
515 2597 597 2682 pati
621 2596 816 2661 debuerim:
842 2617 883 2661 ex
902 2616 993 2683 oequo
1013 2604 1046 2661 et
1067 2595 1149 2660 bona
1168 2593 1294 2660 scilicet.
1346 2591 1439 2658 Idem

327 2693 495 2761 discrimen
517 2694 702 2761 Aristoteles
726 2694 840 2774 innuit,
855 2694 1040 2783 disputans,
1066 2715 1108 2761 en
1128 2694 1216 2782 justa
1238 2692 1371 2760 dicende
1395 2691 1440 2758 eit

327 2815 400 2882 quse
416 2817 456 2861 ex
473 2792 555 2861 bello
573 2795 673 2862 oritur
689 2795 844 2872 cerritus:
873 2793 959 2868 ὅλως
980 2789 1007 2864 δ’
1029 2790 1253 2890 ἀντεχόμενοί
1278 2823 1375 2876 τινες,
1396 2788 1440 2862 ais

327 2888 609 2974 aiavrar,·drr<aiau
631 2890 735 2969 τινός·
761 2891 797 2982 (a'
820 2892 895 2992 ‘ydp
922 2891 1018 2976 νόμος
1039 2887 1161 2966 δίκαιόν
1181 2895 1233 2982 τι)
1258 2891 1323 2977 rrir
1345 2888 1438 2962 rard

372 3071 380 3102 ¹
396 3070 435 3120 At
444 3085 502 3118 vere
511 3071 663 3118 verecundia
672 3071 726 3118 heic
736 3076 773 3119 est
782 3071 859 3119 virtus
907 3073 1025 3119 terionem
1034 3072 1088 3120 Lib.
1100 3085 1142 3120 111.
1154 3087 1174 3120 c.
1185 3071 1209 3122 6.
1234 3071 1296 3120 Sunt
1304 3072 1365 3120 enias
1374 3087 1441 3134 que·

213 3159 216 3165 ·
325 3147 630 3209 qnadnmsingnlnriezut
641 3153 666 3194 et
676 3147 858 3194 Pudorinver·
907 3149 964 3195 darn
983 3163 1031 3195 aaa
1050 3149 1188 3196 laudabilia
1206 3154 1305 3206 natura,
1323 3149 1367 3196 sed
1388 3150 1442 3210 leqc

325 3222 365 3270 bis
374 3223 445 3271 Pauli
455 3221 629 3271 Jmneomulsi
639 3223 736 3284 proprie
745 3224 858 3271 sumitur.
907 3238 1026 3282 caecare,
1044 3229 1072 3270 ut
1090 3224 1116 3270 in
1136 3236 1186 3272 ιιι.
1207 3225 1304 3282 tubelle,
1324 3224 1442 3273 debitoris

325 3297 401 3347 M.
907 3299 1443 3362 cerpusirterereditareseliuidilimit,quam

370 3374 858 3437 ⁸Quamanqusteinnocentiaestaclie-
907 3375 980 3437 leqem
995 3375 1322 3436 maspublieusrepudiaril.
1353 3376 1442 3424 cicero

326 3465 379 3514 qen
403 3452 488 3499 benum
512 3450 594 3511 cerel]
616 3451 685 3497 Idem
712 3451 805 3498 Seneca
829 3451 859 3498 de
907 3451 1043 3515 &Officiis
1053 3453 1167 3499 librom.
1186 3452 1267 3498 Aliter
1282 3452 1353 3512 leqes,
1366 3452 1443 3500 aliter

325 3527 455 3588 Beneficiis
464 3541 488 3575 v.
500 3530 537 3575 21.
568 3527 651 3575 Multa
666 3527 797 3588 leqemnan
813 3528 858 3574 ba·
903 3529 1044 3588 philesophi
1058 3528 1143 3574 tollunt
1157 3528 1276 3574 astutim:
1294 3528 1363 3587 leqes,
1378 3542 1442 3588 qua·

326 3604 387 3661 teu,
405 3617 447 3651 aec
461 3605 583 3660 actionem,
600 3603 634 3648 ad
649 3617 702 3663 quoe
718 3604 859 3650 consuetudo
907 3610 974 3652 terras
988 3618 1060 3650 manu
1073 3609 1149 3650 tenere
1160 3607 1278 3662 possunt:
1290 3604 1443 3663 philosophi,

327 3680 380 3736 site
401 3679 506 3726 bumana
528 3680 578 3739 leqe
597 3680 660 3724 omui
679 3679 796 3725 ualentior
816 3679 861 3726 dal
908 3686 1023 3742 quatenus
1038 3679 1132 3727 ratione
1142 3683 1164 3725 et
1179 3677 1344 3738 intelliqentia.
1365 3678 1442 3742 (cip.

327 3754 427 3804 aditum.
438 3753 782 3811 Quantiunnelruriturtonum
794 3753 860 3801 Ora-
908 3754 958 3813 17.)

330 3993 334 4002 ’
382 4005 462 4063 380
475 4007 625 4062 Senecam
668 4006 761 4061 :How
773 4007 851 4060 merob
864 3994 948 4060 wider
959 4006 983 4060 is
994 4001 1043 4060 dut
1152 4005 1227 4058 law!
1240 4003 1297 4060 and
1309 4003 1359 4060 tha
1370 4005 1441 4064 like.

328 4093 438 4150 lustice
449 4093 473 4149 is
485 4092 688 4163 distinguished
704 4094 778 4148 from
787 4096 845 4165 jus,
859 4093 926 4156 lnu3
939 4091 986 4147 for
994 4095 1042 4166 jus
1054 4094 1077 4148 ia
1089 4092 1165 4146 what
1176 4091 1258 4147 holds
1270 4093 1301 4145 in
1312 4095 1445 4150 externat

326 4181 500 4254 judgments.
535 4178 600 4233 And
618 4179 779 4245 elsewhere,
801 4180 838 4235 he
862 4179 988 4250 explains
1009 4179 1065 4234 this
1088 4179 1127 4252 by
1146 4179 1197 4234 the
1220 4178 1349 4250 example
1369 4179 1405 4234 of
1425 4199 1445 4237 a

329 4267 457 4324 master'e
469 4266 545 4339 right
560 4282 628 4321 oser
643 4266 687 4322 his
699 4276 835 4324 servants.
871 4267 920 4321 We
935 4276 1041 4321 areret
1054 4277 1080 4322 te
1092 4266 1296 4321 considerabat
1308 4283 1364 4338 you
1375 4285 1445 4340 may

259 4425 260 4429 ἵ
329 4354 550 4421 intercedatis
563 4353 687 4423 required
698 4357 732 4426 bq
740 4356 837 4428 justice
850 4355 909 4408 aad
918 4355 1052 4425 sairaess,
1066 4354 1152 4407 wticb
1163 4353 1269 4423 require
1279 4369 1312 4407 us
1323 4362 1350 4407 te
1361 4371 1445 4425 spara

329 4459 391 4498 svers
409 4442 524 4512 captives
541 4441 600 4494 aad
615 4440 706 4495 slaves,
745 4441 812 4495 And
826 4443 924 4513 again:
945 4441 1055 4512 ssierrqli
1069 4440 1221 4511 ererytbinq
1241 4440 1264 4494 is
1283 4439 1383 4511 musal
1402 4450 1445 4496 te·

329 4528 422 4584 warde
434 4546 453 4582 a
464 4527 543 4590 ilaue,
557 4529 626 4582 lbere
637 4545 685 4582 are
697 4528 786 4599 tbiuqs
797 4530 882 4583 wlriclr
896 4546 1018 4583 ceramon
1029 4527 1172 4598 lurmaaity
1183 4526 1300 4581 <talares
1314 4536 1399 4582 realta
1415 4531 1446 4585 be

331 4615 437 4690 lewsal
469 4612 596 4668 thnce
613 4624 680 4669 note
696 4614 744 4669 tha
762 4622 819 4670 tua
837 4616 970 4672 different
985 4631 1048 4671 uses
1072 4615 1105 4671 of
1124 4613 1232 4690 lawsal,
1250 4613 1391 4688 referring
1412 4622 1445 4673 to

329 4701 458 4759 extemnl
470 4701 527 4757 nnd
543 4706 573 4756 ta
585 4701 708 4756 interanl
719 4703 832 4773 justice.
