3192 5334
318 391 384 455 tlt
584 399 943 458 TEMPERAMENTUM
965 401 1080 457 entes
1100 401 1171 458 Jos
1288 399 1370 472 [Lm.
1384 405 1441 462 111.

154 584 299 625 Mul*
318 567 409 637 hellis
434 568 643 636 Hebraeorum
669 568 763 636 etiam
787 577 859 656 post
883 589 991 657 pacem
1017 569 1154 635 oblatam
1179 575 1214 635 et
1235 569 1441 657 repudiatam

318 669 408 758 parci
425 669 495 737 vult
514 668 637 736 leminis
658 679 693 737 et
714 668 896 749 infantibus,
920 680 1014 737 extra
1037 690 1152 757 paucas
1173 676 1285 757 gentes
1307 670 1441 756 speciali

315 768 390 858 jure
406 777 564 858 exceptas,
580 770 732 837 adversus
749 770 925 857 quaequod
939 780 1009 838 erat
1023 771 1149 846 bellum,
1166 790 1230 834 non
1246 776 1319 836 erat
1334 769 1440 856 homi-

320 891 406 948 num,
423 871 480 937 sed
496 869 568 948 Dei,
584 879 680 959 atque
696 870 742 936 ita
755 870 984 958 appellabatur.
1035 871 1088 948 Et,
1110 891 1181 935 cum
1199 867 1348 946 mulieres
1365 871 1439 936 hia·

157 977 289 1064 ΨΜ
322 968 491 1038 dianitidas
510 970 605 1036 vellet
627 970 725 1036 occidi
749 971 790 1036 eh
812 960 974 1058 proprium
997 970 1137 1059 ipsarum
1159 968 1287 1047 crimen,
1309 970 1440 1059 excepit

323 1069 463 1159 virgines
487 1069 630 1136 intactas.
672 1070 740 1136 lmo
767 1093 836 1136 cum
858 1070 1008 1137 Ninivitis
1032 1072 1073 1137 ob
1095 1069 1281 1160 gravissima
1304 1081 1440 1158 ροοοαίυ

158 1196 209 1238 na
219 1194 248 1235 n.
256 1195 286 1236 ιι.
321 1167 566 1241 internecionem
586 1191 697 1237 serere
717 1170 885 1237 admodum
903 1171 1039 1238 minatus
1061 1181 1153 1248 met,
1173 1169 1296 1239 retrahi
1311 1193 1347 1237 se
1363 1193 1439 1260 pas-

320 1291 376 1337 sus
392 1279 442 1338 est
457 1270 655 1337 miseratione
672 1270 841 1337 multorum
859 1271 987 1337 millium
1005 1272 1072 1358 ejus
1090 1271 1203 1349 aetatis,
1221 1293 1292 1358 quae
1309 1271 1440 1340 honesti

322 1379 356 1439 et
370 1369 527 1438 inhonesti
543 1370 722 1437 discrimina
737 1371 911 1459 ignoraret.
961 1372 1021 1438 Cui
1041 1371 1148 1437 similis
1165 1381 1213 1439 est
1230 1370 1315 1458 apud
1337 1374 1439 1440 Sene-

157 1485 296 1528 wrate
320 1491 390 1536 cam
405 1470 580 1538 sonantia:
606 1493 685 1535 num
698 1474 772 1557 quie
789 1475 950 1538 iraaee‘tur
959 1473 1086 1559 poeria,
1103 1494 1242 1559 qnorum
1257 1483 1340 1538 oetoe
1354 1495 1440 1540 που·

158 1577 308 1620 Mem
321 1571 401 1637 dom
413 1572 504 1638 οουίο
519 1593 631 1638 rernm
646 1573 877 1638 discrimina?
926 1572 972 1638 Et
987 1571 1073 1660 apud
1087 1573 1268 1638 Lucanumr
1505 1566 1509 1570 ’

540 1690 665 1746 Crimine
678 1706 735 1762 quo
748 1690 829 1762 parri
844 1692 950 1747 eaedem
964 1699 1084 1765 potuere
1098 1692 1218 1748 mereri?

321 1789 358 1857 Si
371 1788 441 1856 haec
456 1789 545 1856 Dens
568 1786 643 1855 fecit
657 1810 695 1854 ac
709 1786 830 1865 statuit,
848 1788 902 1875 qui
919 1791 1043 1877 quosvis
1055 1791 1196 1857 homines
1212 1789 1440 1881 cujuscumque

302 1958 303 1961 ,
319 1911 414 1957 sexus
430 1896 487 1956 aut
502 1887 603 1954 aetatis
619 1886 687 1953 eine
704 1886 769 1952 ulla
784 1909 880 1954 causa
891 1911 953 1955 nen
969 1890 1082 1976 injuste
1097 1899 1201 1979 potest
1217 1891 1369 1973 occidere,
1382 1903 1440 1960 ut·

318 1997 395 2079 pete
410 1988 486 2058 ritae
502 1988 596 2054 dator
612 2009 650 2054 ac
666 1986 819 2066 dommus,
838 1987 915 2075 quid
935 1989 1077 2057 hemines
1098 1991 1203 2059 facere
1225 2013 1350 2080 aequum
1370 2003 1438 2074 est,

319 2159 471 2222 spectatione
483 2159 589 2221 Leptine
603 2161 642 2207 11.
658 2159 723 2218 arpos
737 2159 784 2219 μὲν
798 2157 851 2219 γαρ
899 2159 963 2206 tibae
972 2160 1308 2224 qutdmparcmnttitfico
1314 2163 1440 2225 reliqueras

317 2238 378 2285 τοὺο
387 2235 503 2284 τελείους
512 2236 602 2298 μορίου
616 2234 762 2295 προφάσοιο
778 2236 850 2281 etto·
900 2234 937 2281 ad
954 2235 1124 2294 emdelitntem,
1143 2242 1187 2284 aut
1198 2238 1324 2298 feritatem
1340 2240 1437 2298 potius.

316 2327 361 2373 γοο
374 2309 595 2372 προσκρουμάτων
609 2315 642 2358 ‘'re
655 2309 698 2356 καὶ
713 2310 850 2370 διαφορῶν.
903 2309 961 2369 Qua
980 2310 1041 2357 enim
1060 2313 1152 2358 reniam
1169 2327 1216 2359 nort
1235 2313 1390 2372 meatur,
1412 2317 1438 2363 ei

316 2391 375 2434 τοῖο
384 2386 410 2433 dd
421 2386 511 2446 κομιδῇ
519 2386 620 2441 νηπίοις,
631 2384 693 2442 ἄρτι
702 2386 850 2444 παροληλυ·
901 2385 927 2431 in
941 2390 1050 2434 externos
1064 2387 1125 2434 dello
1140 2389 1215 2435 rietes
1228 2395 1303 2436 aunt
1313 2390 1388 2448 edita,
1404 2405 1438 2438 ca

317 2459 390 2509 θόσιν
399 2461 435 2509 ele
448 2461 556 2523 φῶουαὶ
564 2461 612 2508 τὸν
620 2459 774 2522 ἀνθρώπινον
783 2460 851 2520 βίον,
893 2461 958 2521 fecit
973 2462 1000 2507 ia
1011 2463 1144 2522 populares
1159 2478 1223 2511 suos.
1253 2464 1360 2526 [Auctor
1379 2466 1437 2512 heic

317 2537 369 2586 ott·
377 2537 568 2599 ὃποψεῦσασθαι
580 2537 739 2597 κατηγορίαν
753 2534 852 2583 exard-
901 2535 974 2582 tacite
982 2536 1043 2596 legit
1052 2551 1124 2584 versu
1133 2541 1148 2584 l
1158 2538 1276 2597 ὁραθῆναι
1286 2553 1332 2597 pro
1347 2540 1436 2597 διαθῆ-

315 2628 373 2661 ποοο
391 2613 463 2660 οὖσιν
482 2612 628 2674 ἐνδέχεται·
662 2626 718 2658 narr
737 2610 851 2669 injusta
901 2629 950 2670 ναι,
970 2614 1104 2673 quoderat
1121 2615 1146 2661 in
1164 2617 1277 2663 Editions
1294 2618 1387 2665 Gener.
1407 2625 1436 2668 et

315 2689 397 2736 oetoflr
415 2689 519 2736 homiues
538 2689 602 2735 mille
620 2687 722 2748 speciosi
745 2687 851 2734 obtentae
901 2693 1022 2735 mutatrrm
1037 2695 1074 2736 cst
1090 2691 1116 2737 in
1131 2691 1252 2740 διαθεῖναι
1268 2707 1299 2740 ex
1314 2695 1389 2744 MSS.
1405 2698 1435 2744 in

315 2764 422 2826 reperiri
425 2763 707 2825 pormatdircordicrum
715 2762 850 2809 haesimul·
899 2763 970 2812 Edit.
989 2764 1100 2812 Hudaen.
1130 2767 1190 2828 Cap.
1207 2767 1271 2830 κλῇ
1288 2772 1310 2818 1.
1345 2771 1374 2819 J.
1385 2773 1433 2834 B.]

316 2843 399 2887 tatum.
424 2839 462 2886 As
471 2839 497 2885 in
511 2840 621 2900 infamer,
631 2839 674 2899 qai
688 2838 757 2884 modo
771 2839 797 2883 in
813 2839 851 2884 lu·
900 2842 969 2888 Idem
980 2842 1101 2902 Josephnr
1109 2842 1435 2894 Judamhlaeeabeenmnar·

316 2931 366 2965 cem
380 2917 500 2977 charaque
514 2915 643 2962 humanam
659 2927 748 2972 ocum,
763 2928 792 2960 ne
807 2927 850 2960 ca·
899 2922 939 2965 rat
958 2917 1037 2964 Bosra
1052 2923 1077 2965 et
1092 2918 1208 2978 Ephrone
1224 2923 1309 2982 captis,
1327 2924 1432 2972 interfe-

316 2991 408 3040 luotnia
417 2991 511 3052 quidm
520 2990 737 3052 queddicathobet,
744 2990 851 3051 utplane
900 2993 961 3040 cisse
971 2996 1024 3040 πᾶν
1034 2994 1066 3040 τὸ
1076 2993 1150 3054 disier
1159 2997 1201 3042 καὶ
1215 2995 1342 3058 μάχεσθαι
1357 3001 1434 3048 dued-

282 3093 284 3097 <
316 3069 456 3117 inmetata.
487 3068 565 3129 (Peg.
583 3066 629 3115 tat
648 3065 690 3123 n.)
726 3065 850 3126 ‚Iosephus
900 3081 985 3128 μενον·
1004 3069 1120 3129 quiequid
1133 3071 1329 3122 cirilisreeuset
1340 3090 1434 3138 papae

315 3144 429 3205 Antiqua
444 3143 566 3190 Historia
579 3142 642 3189 libro
657 3155 698 3189 rx.
713 3141 743 3188 de
756 3141 850 3190 Mana-
899 3144 1008 3191 idoneum
1017 3149 1077 3190 erat
1093 3143 1160 3205 [Ant.
1170 3145 1233 3194 Jud.
1246 3148 1300 3196 Lib.
1311 3162 1362 3198 ιιι.
1377 3167 1432 3214 eap.

315 3234 375 3276 emo,
384 3218 451 3280 (cap.
461 3218 580 3278 11.)μηόὲ
592 3217 687 3272 νηπίων
693 3217 850 3276 φειδόμενον,
899 3221 922 3266 8.
932 3218 946 3278 ὃ
954 3221 977 3265 5.
985 3218 1055 3264 dicit.
1063 3218 1172 3268 Hudsoa
1181 3224 1224 3269 ubi
1231 3229 1312 3272 tamen
1320 3226 1433 3275 hoctun·

316 3294 449 3355 ὖμότητοο
469 3291 614 3352 ὑπερβολήν
634 3292 662 3337 οὐ
683 3291 850 3337 καταλείπων
900 3299 953 3340 rum
964 3294 1069 3353 legitur:
1085 3295 1136 3342 Kal
1145 3297 1200 3343 πᾶν
1209 3298 1270 3346 ὅσον
1278 3299 1354 3362 eppa
1362 3301 1395 3356 riv
1404 3304 1433 3352 ἐν

316 3370 367 3417 οὐδ’
376 3367 540 3430 ἀγριότητος.
565 3364 649 3425 ἂγᾰρ
665 3365 719 3411 οὐδὲ
735 3368 786 3411 τῶν
802 3365 850 3412 eih-
900 3368 966 3425 αὐτῇ
977 3369 1076 3413 κτείνας
1085 3368 1130 3417 &tt
1147 3371 1176 3419 J.
1186 3371 1233 3432 IL]
1264 3374 1431 3438 Etalibipoe-

316 3444 440 3506 herpihurr
454 3443 526 3492 τινᾰο
543 3441 712 3502 συγγνωστὸν
731 3439 850 3500 ὁραθῆναι
900 3455 963 3497 nam,
974 3456 1046 3502 qnam
1057 3444 1196 3493 Alexander
1207 3447 1339 3496 Thracidas
1350 3452 1433 3500 dictat

316 3519 464 3581 γενομένους
490 3517 659 3578 ὑποχειρίους,
683 3517 767 3562 ταῦτα
790 3517 850 3562 τοὺς
900 3516 1431 3579 deJudaeerumpuerisetmulieribustnm·

316 3593 461 3656 ὁμοφύλους
471 3594 550 3641 οὕτως
558 3590 713 3653 εἰργάσατο·
724 3590 851 3652 ll‘e'r'nsna·
900 3596 972 3648 terat,
981 3597 1052 3640 roeat
1063 3593 1125 3654 ὑπὲρ
1137 3595 1356 3660 richemundiae,
1372 3602 1432 3650 ulei.
1465 3642 1471 3654 ,

373 3822 501 3879 children
512 3841 561 3880 cre
569 3827 681 3882 acuam
695 3829 728 3898 by
741 3826 809 3881 their
823 3843 993 3897 effeceram
1005 3829 1039 3902 op
1051 3828 1119 3882 their
1128 3845 1182 3893 sea,
1193 3844 1224 3883 as
1237 3828 1347 3885 Seneca
1357 3847 1433 3904 says,

315 3909 347 3964 in
361 3909 412 3964 tha
422 3909 512 3966 books
526 3911 556 3965 in
568 3912 659 3969 which
674 3913 711 3969 he
723 3915 826 3978 writes,
834 3915 953 3985 angrily,
962 3914 1080 3984 alpoiust
1093 3916 1198 3986 Arrper.
1227 3915 1291 3969 God
1305 3915 1433 3986 himself,

264 4053 269 4061 ,
315 4011 389 4052 eren
402 3995 484 4052 when
496 4014 583 4070 peace
594 3998 652 4055 had
665 4001 739 4055 been
754 4000 862 4055 offered
880 4001 936 4054 nnd
955 4002 1077 4067 refused,
1095 4001 1223 4058 directed
1240 4001 1303 4057 that
1317 4020 1433 4061 women

314 4082 374 4137 and
387 4083 494 4138 infanta
512 4100 585 4140 were
604 4094 635 4141 te
653 4086 690 4142 be
712 4087 824 4158 sparcd,
846 4095 949 4159 except
972 4088 1000 4141 in
1019 4105 1037 4142 a
1054 4089 1211 4153 lewenses,
1228 4088 1258 4142 in
1272 4089 1363 4144 which
1380 4091 1432 4148 the

314 4183 373 4223 war
389 4186 444 4224 was
462 4170 511 4226 tha
528 4189 586 4226 war
597 4174 631 4228 of
645 4174 718 4237 Ged,
733 4181 785 4228 not
801 4173 835 4227 of
849 4190 923 4236 rnen,
938 4175 995 4228 and
1009 4191 1065 4230 was
1082 4192 1114 4231 se
1129 4175 1229 4231 called.
1267 4174 1333 4230 llud
1347 4177 1432 4234 when

314 4252 353 4310 he
372 4254 499 4312 ditected
521 4258 571 4312 the
592 4259 769 4314 Midianltish
787 4277 898 4314 women
920 4267 950 4314 to
971 4261 1008 4315 bc
1026 4262 1098 4316 elain
1115 4262 1162 4317 for
1184 4261 1259 4316 their
1273 4263 1371 4326 crime,
1392 4264 1431 4322 he

314 4341 453 4414 excepted
474 4342 523 4398 the
544 4343 656 4414 virgins.
691 4346 756 4399 And
775 4346 858 4400 when
881 4347 918 4401 he
936 4346 992 4401 had
1014 4347 1182 4404 threatened
1207 4349 1337 4404 Nineveh
1360 4351 1431 4408 with

313 4427 498 4494 destruction,
515 4429 552 4484 he
570 4448 625 4485 was
641 4433 742 4486 mered
757 4440 787 4486 to
804 4433 914 4504 change
934 4433 977 4488 his
996 4452 1128 4507 purpose,
1142 4433 1250 4502 (Jonah
1264 4436 1301 4491 ir.
1316 4435 1374 4504 11.)
1390 4438 1431 4512 by

312 4514 362 4571 the
375 4517 582 4572 consideration
598 4517 661 4572 that
676 4519 757 4575 there
768 4537 843 4576 were
855 4537 887 4575 so
902 4537 987 4592 many
999 4538 1116 4593 persons
1130 4523 1193 4577 who
1206 4522 1290 4578 could
1303 4529 1355 4581 not
1370 4525 1431 4582 dis·

311 4602 436 4674 tinguish
452 4604 528 4677 right
542 4606 617 4660 from
630 4623 734 4678 wrong.
782 4608 822 4663 So
838 4608 948 4664 Seneca
962 4608 1019 4663 and
1031 4610 1129 4665 Lucan
1140 4610 1228 4683 speak
1240 4610 1274 4666 oi
1282 4610 1428 4670 children.
