3192 5334
588 857 734 928 CAPUT
758 861 833 928 XV.

198 1027 558 1088 TEMPERAMENTUII
580 1028 696 1089 claci
716 1028 1032 1100 tcomsmomt
1052 1028 1218 1088 IMPERII.

195 1185 220 1241 1.
269 1185 408 1254 Quatenus
432 1183 543 1258 juetitio
575 1185 686 1241 interna
757 1186 826 1244 vn.
852 1185 962 1242 Il‘tilitoe
975 1187 1011 1242 ao
1024 1183 1269 1242 immoderatione

261 1272 404 1345 pemittct
411 1270 557 1343 imperium
567 1273 683 1343 acquiri.
844 1273 996 1328 indicatur.

189 1359 229 1414 11.
265 1359 419 1413 Laudabile
436 1375 488 1413 eree
510 1358 558 1413 hoc
571 1360 636 1432 jure
655 1360 688 1414 in
748 1359 832 1415 VIII.
847 1359 998 1432 Exempto.-
1015 1359 1080 1414 etde
1088 1366 1196 1413 mutatu
1198 1359 1267 1434 sor-

264 1445 345 1500 uictor
359 1444 500 1500 chetim.
846 1463 894 1500 neu
908 1445 1061 1517 reipublice
1074 1445 1153 1517 apud
1164 1445 1255 1500 neoc

185 1530 239 1586 ΠΙ.
266 1529 328 1586 Sive
350 1548 392 1587 eor
420 1530 552 1586 merendo
578 1529 687 1587 uictori·
764 1530 819 1587 IX.
844 1532 998 1603 Imperium
1022 1531 1048 1586 ei
1075 1531 1268 1586 commendem

267 1617 333 1672 hue:
847 1619 892 1684 rit,
909 1627 978 1673 reete
993 1626 1104 1690 purtem
1118 1617 1175 1690 q‘ue
1190 1616 1268 1673 eietie

186 1703 238 1760 IV.
267 1701 329 1759 Siue
349 1701 522 1774 relinquendo
541 1700 688 1774 imperium
847 1703 974 1776 relinqui.

267 1789 308 1844 tte
322 1789 552 1861 quitatueruntr
771 1787 812 1845 X.
845 1788 907 1844 Aut
940 1799 1008 1845 certe
1039 1788 1189 1844 tiberim
1213 1785 1268 1843 rti-

189 1874 226 1931 V.
267 1875 412 1930 Interdum
436 1874 568 1947 imperitia
587 1874 690 1947 proeei·
848 1892 942 1947 quam

267 1961 339 2016 dim:
765 1960 823 2016 XI.
848 1960 995 2032 Proeeipue
1007 1958 1039 2014 in
1054 1959 1190 2032 relioioue.

184 2047 238 2103 VI.
266 2047 327 2102 Aut
344 2047 452 2102 tributio
472 2046 555 2102 mom
570 2055 596 2102 et
612 2045 689 2102 rimi·
758 2047 828 2102 ΧΙΙ.
850 2045 954 2102 Saltem
968 2046 1050 2101 victor
1068 2045 1270 2102 clemicia-

268 2133 338 2189 tour
358 2133 499 2189 onuibuec
748 2194 751 2200 ,
850 2132 907 2189 heri
920 2141 1059 2205 0porrm=
1079 2131 1191 2188 etmert

160 2301 188 2366 1.
277 2298 355 2366 UAE
372 2297 406 2365 in
428 2297 566 2389 cingulos
586 2305 642 2365 ent
662 2295 802 2388 exigitur
820 2297 951 2386 equitas
972 2307 1029 2366 nut
1048 2297 1197 2367 laudatur
1212 2299 1272 2368 hu·

302 2398 446 2475 manitas,
476 2405 565 2465 tento
592 2396 693 2485 magis
718 2397 752 2462 in
779 2399 910 2485 populos
939 2408 996 2465 aut
1025 2398 1058 2464 in
1085 2398 1270 2486 populorum
1283 2410 1428 2504 ww

159 2507 276 2588 partes,
293 2506 411 2586 quanto
423 2497 457 2562 in
472 2497 587 2563 multos
603 2494 755 2586 insignior
771 2506 821 2563 est
836 2505 870 2564 et
880 2496 995 2586 injurie
1011 2507 1044 2564 et
1057 2497 1271 2566 beneficentia.
1284 2510 1307 2545 α

160 2601 254 2666 Jueto
276 2597 358 2664 bello
383 2595 505 2663 utalia
529 2594 649 2684 acquiri
673 2606 812 2682 possunt,
838 2596 884 2663 ita
906 2606 940 2663 et
957 2597 1011 2684 jus
1030 2597 1216 2687 imperantis
1237 2597 1273 2665 in
1334 2633 1337 2637 ·

159 2695 319 2787 populum,
345 2705 380 2763 et
403 2694 457 2783 jue
486 2695 571 2782 quod
597 2694 631 2760 in
656 2693 788 2782 imperio
815 2695 912 2762 hebet
938 2694 1006 2783 ipse
1031 2696 1185 2786 populuez
1215 2696 1274 2766 ced

160 2818 274 2884 nempe
286 2804 441 2885 quatenns
452 2795 516 2861 fert
530 2802 586 2860 cut
598 2815 700 2882 poenae
711 2795 865 2861 nascentis
878 2818 920 2861 ex
935 2795 1058 2874 delicto,
1076 2805 1133 2863 aut
1143 2796 1275 2864 alteriue

161 2895 260 2964 debiti
274 2895 394 2962 modus.
435 2894 556 2973 Quibus
570 2893 718 2960 addenda
732 2902 781 2960 est
797 2915 892 2960 causa
908 2894 1028 2960 vitandi
1045 2895 1176 2983 periculi
1191 2917 1275 2963 eum·

161 2996 214 3061 mi.
262 2995 326 3063 Sed
342 2995 411 3060 haec
427 3015 520 3060 causa
534 2992 720 3081 plerumque
735 3015 805 3059 cnm
822 2992 891 3059 aliis
907 2993 1064 3073 miscetur,
1081 3016 1153 3083 quae
1168 3002 1276 3063 umen

162 3096 231 3184 ipsa
247 3103 315 3162 tum
332 3093 365 3160 in
384 3115 461 3182 pace
478 3091 704 3169 constituenda
723 3102 789 3159 tum
805 3090 840 3157 in
854 3091 972 3158 utendo
988 3092 1120 3160 victorin
1138 3093 1283 3162 maxime-

163 3194 334 3282 spcctandu
350 3201 408 3260 eet.
447 3193 531 3258 Nam
548 3200 653 3258 cetera
666 3201 763 3258 estut
778 3190 981 3259 remittantur
993 3213 1033 3259 ex
1047 3193 1275 3264 misericordie:

162 3294 197 3361 in
213 3293 335 3383 publico
356 3301 463 3359 cutem
479 3291 628 3380 periculo,
646 3311 717 3377 quae
737 3291 865 3357 modum
886 3291 1010 3359 excedit
1031 3291 1192 3374 securitas,
1217 3292 1277 3360 im·

163 3391 377 3461 misericordia
406 3401 464 3458 est.
515 3391 671 3457 Isocrates
700 3390 743 3458 ad
769 3390 969 3480 Philippum:
998 3393 1068 3461 τῶν
1088 3387 1276 3489 βαρβάρων
1287 3423 1358 3522 {¹33
1360 3423 1389 3511 p

355 3675 493 3733 curruca
510 3675 577 3732 XV.
614 3675 770 3751 Retrairm
786 3674 933 3748 repetire
951 3675 1090 3749 Grumum.

221 3799 247 3855 1.
292 3798 409 3870 Equity‚
424 3797 558 3853 whichie
580 3796 721 3869 required,
741 3796 798 3852 and
816 3795 974 3870 hummnsty,
994 3795 1086 3852 which
1107 3796 1132 3853 i!
1153 3796 1277 3872 pnited,

165 3885 287 3941 towards
301 3883 479 3949 individuale,
488 3900 537 3940 cre
553 3883 603 3939 tho
618 3898 697 3938 more
711 3882 848 3954 requisito
858 3883 914 3938 and
929 3882 1142 3957 praiecrorthy,
1153 3885 1277 3942 mmm

166 3973 280 4027 natione
294 3970 352 4025 and
368 3978 448 4044 parts
468 3970 501 4026 oi
517 3971 639 4033 natione,
653 3968 800 4023 Inaemuch
817 3986 848 4023 ae
865 3968 917 4025 the
938 3970 1033 4042 injur-5
1052 3986 1087 4036 or
1103 3970 1278 4029 kmdnentr

165 4053 280 4130 greiter
293 4056 362 4111 with
375 4057 426 4112 the
439 4056 570 4112 number.
614 4057 688 4110 Now
701 4071 733 4110 ae
746 4053 831 4110 othcr
847 4055 943 4128 things
957 4073 1022 4129 may
1041 4055 1079 4112 be
1097 4055 1233 4129 required
1245 4057 1279 4114 im

166 4160 185 4198 n
195 4146 256 4214 just
276 4159 343 4208 war,
361 4158 393 4198 eo
415 4159 481 4214 may
504 4141 634 4213 imperial
649 4139 795 4214 authority
811 4157 879 4197 orer
893 4158 912 4196 n
924 4143 1037 4215 peopla
1059 4142 1118 4198 and
1134 4141 1185 4200 the
1200 4142 1279 4216 right

166 4229 259 4286 which
273 4228 324 4284 the
338 4229 441 4300 pcople
454 4227 535 4282 iteelf
547 4227 598 4282 has
613 4228 643 4281 in
660 4226 710 4282 the
730 4235 932 4298 gorcmment:
952 4229 1005 4284 but
1020 4228 1087 4302 only
1100 4245 1133 4284 eo
1146 4228 1193 4285 iar
1206 4245 1239 4285 ce
1252 4229 1282 4286 ir

167 4314 288 4380 limitet,
302 4313 394 4370 either
408 4314 447 4387 by
458 4313 508 4369 thc
523 4321 625 4368 nature
643 4313 677 4368 oi
694 4329 713 4367 a
731 4312 849 4386 penalty
863 4315 968 4387 arising
987 4314 1063 4370 from
1079 4313 1174 4380 delict,
1187 4331 1222 4370 or
1237 4313 1278 4389 by

167 4402 218 4459 the
232 4407 335 4456 nnturo
350 4400 383 4455 oi
394 4416 472 4455 come
487 4399 570 4455 other
580 4399 659 4455 dcbt.
684 4399 727 4454 To
742 4398 835 4454 which
852 4400 876 4454 ie
890 4406 921 4456 to
936 4401 973 4457 be
987 4400 1088 4464 added,
1110 4401 1161 4457 the
1174 4417 1278 4457 reason

168 4489 203 4544 oi
214 4489 343 4558 everting
356 4492 482 4542 extreme
496 4486 612 4556 danger.
660 4485 729 4540 This
746 4485 802 4540 last
820 4503 903 4542 cause
919 4487 943 4542 is
955 4487 1116 4559 commonly
1129 4485 1224 4542 mixed
1237 4503 1279 4560 up

167 4574 238 4632 with
251 4573 365 4637 others3
380 4573 478 4635 butio,
496 4572 525 4626 in
540 4572 650 4644 realit5‚
662 4578 693 4627 to
704 4571 741 4626 bc
756 4570 843 4626 much
859 4573 998 4643 regarded
1008 4572 1056 4628 for
1070 4573 1107 4628 ite
1123 4588 1186 4627 own
1200 4571 1279 4638 eolre,

168 4659 239 4716 both
261 4659 292 4714 in
313 4658 498 4730 estabiirhing
515 4675 602 4730 peace
620 4658 678 4714 und
695 4659 726 4713 in
743 4659 827 4729 using
843 4659 961 4730 victory.
994 4659 1055 4715 For
1074 4657 1159 4714 other
1181 4656 1279 4730 things

168 4762 235 4822 moy
250 4745 286 4804 he
300 4744 434 4803 remitted
447 4750 499 4803 out
513 4745 547 4803 oi
557 4745 752 4821 eompaeeion3
770 4745 824 4802 but
836 4744 868 4801 in
882 4761 902 4801 a
915 4743 1012 4819 public
1026 4743 1143 4820 danger,
1155 4759 1176 4801 a
1188 4742 1281 4803 diere·
