3192 5334
161 415 315 487 cmxi]
390 419 690 478 lnrnnrlclns'nl
711 422 757 479 m
778 422 905 481 BELLO
925 423 1059 484 JUSTO.
1214 415 1280 483 213

161 589 295 655 urbium
314 587 579 672 ecpupnutiones,
599 590 745 654 secunda
756 589 894 674 proeiiu,
915 602 946 656 et
968 590 1099 674 siquid
1119 588 1218 654 eliisei
1242 591 1302 656 s‘n‘

162 690 244 756 bello
254 708 461 774 prosperum,
480 688 723 773 soepefortunoe
739 693 848 775 mauis
865 713 966 777 quarn
981 692 1102 758 uirtuti
1114 691 1279 757 debentur.

161 792 208 855 At
222 791 259 854 in
279 808 404 854 summo
421 789 561 873 imperio
583 790 682 854 uictis
697 791 962 856 misericordiam
981 792 1156 879 impertiri
1178 791 1281 858 solius

156 890 346 977 pnsdentiae
372 908 453 974 opus
482 898 538 953 est.
595 886 695 975 Apud
729 889 875 956 Curtium
903 889 1055 980 legimus:
1089 890 1280 958 Alexander
1292 909 1408 952 usus.

160 1011 355 1077 quanquam
371 988 448 1053 belli
469 987 664 1055 auctoribus
671 989 751 1074 jure
767 1002 901 1076 poterut
918 993 1033 1070 irasci,
1051 1005 1161 1058 tunnn
1176 992 1280 1059 omni·

163 1092 223 1158 bus
239 1091 336 1157 uenia
353 1089 449 1158 duta.

238 1189 331 1257 vm.
375 1186 428 1255 Dc
445 1208 522 1254 nece
534 1194 641 1254 nutem
655 1209 776 1269 eorum,
791 1188 847 1279 qui
857 1213 931 1259 casu
947 1215 1011 1259 non
1024 1191 1181 1261 destinato
1197 1191 1278 1261 occi·
1313 1244 1317 1253 .

162 1289 291 1367 duntur,
314 1288 495 1364 tenendum.
517 1287 602 1376 quod
619 1309 716 1403 supro
739 1290 927 1372 diximus,
902 1316 929 1358 ιι
950 1316 1014 1360 non
1026 1292 1168 1381 justitie,
1187 1293 1279 1361 mise-

161 1389 307 1457 ricordiae
325 1398 433 1457 nmen
448 1411 518 1455 esse
538 1410 602 1455 non
619 1388 678 1454 nisi
698 1390 822 1480 magnis
842 1393 933 1459 etad
954 1393 1123 1460 multorum
1144 1393 1278 1462 salutm

162 1490 376 1606 perventuris
378 1489 479 1557 enusis
500 1487 564 1556 tale
580 1487 656 1576 quid
678 1491 925 1578 aggrediendo
947 1492 1163 1560 innocentibus
1177 1493 1279 1561 immi·

162 1612 241 1658 nere
260 1590 412 1680 pernicies
428 1589 535 1677 possit
583 1589 677 1656 Idem
698 1591 857 1658 uobiscum
879 1594 976 1659 sensit
980 1593 1153 1716 Polybips,
1170 1592 1279 1682 quili-

164 1691 223 1758 bro
241 1713 272 1759 v.
293 1691 337 1758 sic
357 1690 516 1778 loquitur·
541 1718 580 1758 ον
601 1718 677 1782 ’γορ
699 1685 748 1760 ἐπ
747 1686 963 1781 ὀἱπωλεὶᾳδ
964 1723 992 1762 ει
1019 1691 1072 1760 nni
1094 1688 1379 1787 ἇφοιισμῷῦιοῑῐ·

164 1792 238 1866 τοῖς
255 1786 432 1916 ἇγνιιὶμοσι
446 1791 605 1871 πολεμεῖν
622 1788 701 1866 ‘rotis
717 1787 867 1881 (byndois
884 1785 1012 1885 ἄνδρας,
1027 1786 1136 1861 ἄλλ
1120 1822 1175 1862 ens
1168 1785 1279 1890 deop-

165 1889 266 1960 θῶσει
280 1921 333 1961 και
325 1885 529 1974 μεταθέσει
553 1894 625 1958 τῶν
642 1886 888 1985 ἡμαρτημένων
913 1885 988 1962 cide*
971 1921 1215 2021 εσννονιιιειειν
1230 1891 1279 1965 τὰ

164 1984 453 2074 μηδένᾰδικονντα
474 1991 549 2063 τοῖς
566 1983 760 2073 ἠδικηκόσιν,
783 1989 875 2062 ἀλλὰ
891 1987 1076 2087 σοσσῶζειν
1098 2024 1152 2063 και
1143 1991 1279 2086 cunr}

165 2091 406 2183 μιμεῖσθαι
347 2087 585 2166 concesserimo
599 2092 694 2176 (mele
707 2092 813 2158 editur
826 2091 998 2177 ἐναντίοις)
1013 2123 1089 2166 rous
1065 2085 1278 2168 δοιονντιιι

163 2185 293 2262 ἀδικεῖν·
319 2195 473 2260 bonorum
496 2194 645 2258 uirorum
666 2203 723 2268 est,
745 2196 843 2258 etium
859 2215 932 2259 mem
951 2195 1061 2260 minus
1077 2195 1194 2282 probis
1212 2217 1279 2262 non

164 2295 400 2360 interneciuum
418 2314 530 2379 perere
552 2293 680 2369 bellum,
699 2293 757 2359 sed
776 2294 943 2370 hactenus,
966 2307 1005 2360 ut
1026 2294 1151 2362 delicta
1171 2297 1279 2364 sarei-

164 2405 269 2459 antur
283 2405 384 2481 utque
406 2394 636 2459 emendentur:
660 2414 762 2479 neque
784 2395 928 2460 insontes
947 2416 1021 2460 cuns
1043 2396 1189 2462 sontibus
1208 2418 1280 2462 unu

157 2516 262 2581 poena
278 2494 448 2569 innotuere,
466 2495 524 2559 sed
538 2493 717 2558 insontium
734 2515 839 2558 causa
855 2495 957 2559 etiam
973 2495 1120 2562 sontibus
1127 2517 1279 2582 parem.

234 2594 293 2661 IX.
335 2596 356 2659 1
391 2593 452 2659 His
477 2590 620 2682 cognitis,
646 2591 687 2658 de
714 2591 774 2668 his,
802 2613 874 2679 quae
898 2593 999 2684 magis
1024 2593 1172 2681 specialis
1195 2605 1279 2674 suut,

163 2714 227 2760 non
243 2693 374 2760 difficilis
393 2692 455 2759 erit
475 2691 623 2758 definitio.
669 2694 836 2758 ¹Pnerum
859 2705 942 2760 oetns
964 2706 1101 2772 erutuet,
1111 2696 1279 2780 feminum

163 2817 184 2861 s
202 2816 270 2873 sus,
296 2792 343 2861 nit
366 2794 486 2862 Seneca
508 2790 606 2871 libris,
631 2791 744 2878 quibus
766 2790 824 2858 irre
840 2791 996 2862 irascitur.
1039 2795 1128 2860 Deus
1152 2793 1220 2884 ipse
1244 2794 1412 2862 inuuunt

161 2955 203 3003 ru
219 2955 382 3005 Scholiasta:
397 2953 515 3002 Dolenter
532 2951 651 3000 declam
669 2952 695 2998 in
744 2956 830 2998 seim
839 2950 1025 3012 μεθιισθινσον·
1039 2951 1280 3004 dimittendum

160 3032 276 3079 saecitiuns
286 3031 397 3089 Asntlln,
407 3031 458 3092 qni,
471 3029 494 3076 si
503 3043 551 3088 per
560 3027 695 3089 Apollinem
742 3026 849 3086 sirqines
858 3031 882 3072 ct
895 3026 1020 3074 nutum:
1036 3041 1133 3074 ceum
1142 3030 1232 3090 reddit,
1244 3029 1279 3079 sd

160 3108 239 3156 nime
254 3107 365 3165 licninet,
381 3105 441 3152 adeo
456 3117 533 3151 ιιιοιιι
546 3108 608 3159 ενοι,
617 3107 644 3148 ιιι
653 3116 695 3150 nec
744 3100 889 3158 προσθήκην
898 3099 994 3160 ἀνδρῶν
1003 3103 1121 3164 πόλεμον
1135 3122 1277 3154 nereum·

161 3184 294 3246 infantibus
311 3183 396 3230 necin
412 3187 479 3228 νισο
493 3177 641 3242 cenantibus
648 3191 694 3238 pe·
743 3173 1276 3241 ισᾰντυνποιεῖσθοιγνναῖκοι,ιινιίμρον·

156 3261 282 3321 punisset.
306 3257 418 3306 Philode
430 3255 556 3316 Principis
574 3254 695 3304 Comitu-
742 3249 858 3308 oironn,
877 3251 921 3312 qni
935 3251 1144 3317 bellnsubriennt,
1159 3257 1278 3306 amto-

126 3379 130 3386 ,
161 3331 232 3390 tione,
245 3333 317 3393 (pag.
330 3327 398 3389 731.)
412 3326 535 3386 παρθένοι
550 3326 576 3373 bi
591 3324 633 3372 καὶ
647 3340 695 3385 γν-
742 3326 886 3385 tremsaem
901 3327 1018 3387 niclines,
1033 3328 1129 3380 inmite,
1158 3331 1229 3380 Idm
1247 3331 1278 3381 ἀ

161 3575 264 3634 blood:
283 3573 341 3632 sud
355 3573 411 3630 will
425 3591 512 3631 neser
526 3574 617 3631 inssict
635 3573 731 3642 doeth,
753 3582 854 3650 except
869 3576 962 3633 sihor
978 3582 1009 3634 to
1031 3576 1116 3633 evoid
1132 3574 1229 3644 death,
1242 3593 1278 3634 or

162 3665 232 3722 evils
253 3664 311 3719 like
332 3662 428 3727 denth,
450 3678 484 3718 or
502 3668 532 3717 ιο
550 3662 654 3736 punish
676 3664 778 3720 crimes
806 3662 898 3719 which
919 3681 969 3719 ere
990 3664 1097 3737 capitul
1117 3664 1148 3718 iu
1169 3663 1274 3722 deon

162 3752 229 3807 And
243 3768 314 3808 eron
332 3757 364 3805 ιο
378 3765 457 3804 some
478 3747 541 3805 who
555 3748 628 3805 hore
650 3750 785 3807 deserved
804 3750 877 3816 thet,
895 3749 932 3806 he
946 3750 1003 3805 will
1019 3750 1104 3806 remit
1123 3751 1172 3818 nll,
1191 3768 1225 3808 or
1245 3758 1278 3808 nt

162 3839 244 3902 least,
259 3836 363 3910 cepitel
377 3835 570 3908 punishment,
588 3836 682 3893 either
695 3845 747 3893 out
762 3838 795 3892 of
809 3837 970 3910 humanius,
987 3853 1021 3893 or
1038 3837 1085 3893 for
1097 3854 1178 3895 some
1191 3839 1277 3895 other

162 3924 303 3998 plausible
317 3939 422 3979 causes.
460 3922 500 3977 So
521 3923 664 3979 Diodorus
685 3941 749 3995 says
769 3923 833 3978 thet
854 3924 957 3996 cincun
970 3925 1085 3997 dependi
1103 3943 1139 3981 on
1151 3926 1278 4002 fortune.
1344 3955 1352 3964 ·

163 4014 211 4069 but
222 4029 312 4084 curcy
326 4011 357 4065 s'n
371 4010 474 4081 victory
488 4027 525 4064 on
539 4010 634 4066 sintne.
673 4010 713 4065 So
726 4010 850 4075 Curtius,
863 4010 898 4066 of
907 4010 1078 4068 Alexander.
1324 4077 1329 4085 ,

200 4097 300 4155 'VHL
337 4095 416 4152 With
432 4094 534 4167 regerd
550 4101 580 4150 to
595 4094 677 4151 those
692 4094 754 4150 who
767 4112 817 4150 uro
833 4095 922 4153 killed
937 4097 1057 4153 without
1068 4098 1106 4152 its
1123 4095 1210 4171 being
1230 4097 1276 4154 iu·

162 4185 278 4252 tended‚
293 4201 335 4241 we
354 4191 431 4239 must
445 4181 512 4237 hold
531 4180 594 4237 thas
616 4182 642 4236 if
656 4182 760 4252 Justico
782 4182 820 4236 do
838 4191 890 4239 not
907 4184 1029 4255 require,
1043 4189 1073 4238 nt
1088 4184 1161 4240 lenst
1177 4190 1277 4258 mer'cy

162 4273 240 4338 does,
258 4272 322 4328 thnt
339 4288 382 4327 wo
400 4269 501 4326 should
517 4276 577 4332 not,
591 4276 693 4341 except
715 4269 762 4324 lor
779 4269 900 4341 woighty
914 4286 1013 4325 causes
1032 4270 1150 4344 tending
1171 4277 1203 4328 to
1224 4271 1275 4330 the

161 4358 256 4430 sufety
270 4359 304 4412 os
315 4374 409 4430 mnny,
425 4355 584 4411 undertnko
595 4354 733 4428 nnytliing
747 4354 839 4412 which
854 4373 920 4430 may
933 4356 1067 4413 involve
1059 4365 1195 4415 innocent
1207 4375 1275 4432 per·

160 4462 228 4501 sons
242 4445 272 4498 in
287 4444 470 4500 destruction.
509 4443 548 4497 So
560 4441 705 4514 Polybius.

215 4531 270 4586 IX.
319 4536 342 4584 1
356 4531 469 4601 Heving
490 4528 594 4585 settled
609 4528 690 4586 these
704 4527 867 4603 principles,
882 4528 905 4589 it
919 4529 976 4585 sill
990 4535 1042 4587 not
1055 4529 1092 4587 ho
1106 4529 1226 4588 difficult
1242 4537 1275 4590 to
1298 4558 1301 4562 ⁴

160 4620 208 4694 lsy
220 4615 607 4692 donumorospceialrules.
716 4659 719 4664 .
1251 4670 1254 4677 ,
