3192 5334
326 595 393 662 246
448 604 805 665 TEMPERAMENTUM
828 604 944 662 cntca
964 604 1246 663 vtsrtrlounnt
1294 599 1446 678 [mnu

326 793 423 850 anus,
450 793 606 859 mapuam
637 771 681 838 ab
709 771 855 838 bostibat
877 771 964 858 ipsis
988 773 1238 840 benevolentiam
1265 774 1445 860 captabat.

325 866 393 939 ‘De
421 870 550 952 Quintio
572 878 605 938 ct
630 870 685 959 qui
708 893 779 937 cum
805 892 843 938 eo
865 880 957 940 erant
982 871 1132 940 Romanis
1155 871 1347 940 Plutarchus
1370 894 1447 938 cum

260 994 281 1025 υ·
326 995 397 1062 quae
426 993 522 1060 supra
550 969 685 1038 diximus
711 981 992 1051 commemorasset,
1017 972 1127 1040 addit:
1151 974 1248 1058 bajus
1273 974 1446 1040 modestia

325 1096 393 1141 non
409 1074 511 1140 multo
521 1074 765 1159 postsruetum
782 1074 903 1160 cepisse
912 1097 925 1151 ,·
942 1097 1021 1140 nam
1036 1085 1073 1140 ut
1089 1076 1127 1140 in
1145 1073 1446 1160 meoliampcr-

325 1182 452 1242 uentum
468 1184 526 1249 ost,
544 1173 728 1256 defecerunt
744 1175 792 1238 ad
807 1197 879 1240 eum
896 1176 997 1240 urbes.
1029 1176 1208 1261 Tumrero
1223 1185 1255 1240 et
1271 1174 1331 1257 qui
1346 1166 1445 1239 intra

330 1271 570 1358 Thermopylas
591 1271 787 1338 babitabant
814 1275 928 1340 Graci
947 1274 1120 1350 Qteintium
1140 1275 1332 1340 ardentibus
1354 1275 1445 1340 rotis

223 1459 226 1464 .
325 1371 580 1440 desiderabant:
616 1370 731 1437 aetat
760 1395 844 1454 uero,
873 1375 1064 1440 renuntiata
1093 1366 1247 1460 Philippi
1271 1373 1443 1452 amicitia,

315 1474 509 1560 *meatem
531 1472 690 1538 adversus
709 1493 781 1538 eum
803 1495 877 1539 eum
898 1475 1061 1541 Romanis
1078 1474 1234 1540 inierunt.
1288 1471 1343 1538 De
1364 1471 1444 1538 Lin-

296 1579 299 1584 ’
325 1593 443 1662 genum
459 1569 585 1637 ciuitate
597 1591 669 1657 quoe
685 1569 777 1648 bello,
795 1572 881 1659 qnod
893 1573 989 1639 ductu
1002 1571 1150 1649 Cerealis,
1167 1570 1313 1660 auspiciis
1329 1579 1443 1641 antem

324 1670 507 1748 Domitiani,
529 1670 563 1736 in
580 1669 712 1737 Civilem
729 1672 887 1738 Batauum
909 1672 1038 1760 ejusque
1059 1670 1157 1738 socios
1176 1670 1362 1760 gerebatur,
1385 1693 1445 1759 po·
1500 1758 1503 1762 λ

324 1769 516 1861 pnlationem
539 1769 739 1836 formidatam
760 1781 915 1850 eraserat,
941 1771 985 1837 sic
1010 1779 1120 1837 narrat
1140 1768 1321 1846 Frontinus,
1348 1773 1444 1855 quod

325 1882 439 1939 contra
452 1871 721 1958 exspectationem
738 1873 903 1937 ittoiolata
919 1871 1010 1938 nibil
1020 1894 1059 1938 en
1071 1872 1170 1938 rebus
1184 1871 1441 1951 mutauerat,

325 1973 373 2038 ad
396 1972 582 2059 obsequium
603 1971 740 2037 reducta
765 1974 977 2058 ceptuaqinta
1002 1973 1112 2038 millia
1134 1982 1342 2038 armatorum
1369 1982 1444 2038 tra-

324 2071 414 2137 didit
438 2072 478 2138 ei.

392 2172 415 2236 3
446 2166 589 2236 Consiliis
605 2167 769 2236 contrariis
785 2166 934 2237 conuarii
951 2191 1075 2258 quoque
1089 2177 1241 2238 euentust
1258 2169 1442 2259 exemplum

159 2275 205 2317 ω
214 2275 271 2316 Μ
280 2277 310 2318 ³²
324 2269 381 2338 dat
397 2267 504 2336 Livius
519 2268 554 2334 in
569 2267 743 2336 Annibale:
768 2274 921 2356 Praceps
942 2273 980 2337 in
1001 2272 1186 2337 avaritiam
1201 2283 1233 2336 et
1254 2273 1442 2339 crudelita-

326 2382 388 2438 tem
411 2371 552 2446 animus,
579 2371 626 2434 acl
646 2371 826 2456 malianda
848 2394 920 2459 qua
946 2372 1034 2436 tremi
1054 2373 1276 2458 nequibat-ut
1298 2382 1442 2438 uastata

324 2472 411 2538 boeti
432 2470 699 2554 relinquerentur,
721 2469 908 2537 inclinauit.
954 2472 999 2536 Id
1011 2472 1143 2556 sadum
1165 2470 1341 2537 eonsilium
1362 2492 1443 2537 aum

324 2572 451 2657 incepto
472 2570 661 2636 tumeliam
683 2571 773 2635 onitu
787 2572 889 2655 fuit:
913 2572 1118 2657 nequeenim
1142 2572 1287 2657 indipna
1305 2574 1442 2659 patien-

324 2672 411 2736 tium
442 2671 536 2738 modo
565 2669 845 2735 abalienabantur
874 2672 990 2746 animi,
1017 2671 1073 2736 sed
1102 2681 1280 2735 ceterorum
1309 2670 1440 2737 etiam

323 2770 442 2858 quippe
458 2771 506 2834 ad
514 2768 631 2855 plures
646 2769 825 2854 eremplum
841 2792 940 2854 quam
957 2769 1135 2836 calamitae
1145 2770 1360 2856 pertinebat·

158 2875 286 2964 ᾖξε·
392 2870 415 2933 4
448 2866 654 2936 Verissimum
670 2875 775 2932 autem
797 2868 907 2944 sentio,
926 2868 1011 2955 quod
1030 2889 1051 2934 a
1072 2867 1227 2957 theologis
1249 2866 1442 2956 quibusdam

157 2954 303 3062 m&
323 2975 466 3036 notatum
482 2974 540 3045 est,
558 2975 591 3033 et
608 2987 798 3032 summarum
815 2977 1007 3056 potestatum
1031 2977 1064 3033 et
1080 2968 1194 3033 ducum
1210 2968 1264 3056 qui
1282 2966 1441 3036 Christia-

323 3089 381 3135 nos
402 3089 437 3135 se
454 3074 523 3134 eta
545 3066 615 3132 Deo
633 3074 665 3133 et
679 3066 721 3132 ab
741 3066 918 3134 hominibus
939 3066 1050 3132 haberi
1066 3067 1176 3134 uolunt
1199 3067 1333 3134 officium
1355 3089 1439 3148 esse,

324 3166 468 3235 violentis
483 3165 608 3233 urbium
625 3165 852 3252 direptionibus
869 3175 902 3233 ct
919 3165 945 3232 si
963 3166 1039 3254 quid
1054 3166 1104 3232 his
1121 3166 1220 3233 simile
1236 3175 1285 3234 est
1301 3166 1442 3236 interce·

324 3268 410 3348 dere,
427 3274 464 3334 ut
478 3287 549 3355 quoe
562 3265 651 3332 abire
667 3286 731 3330 nou
748 3265 867 3353 possint
881 3266 949 3333 sine
960 3265 1146 3356 gravissimo
1162 3266 1331 3334 multorum
1346 3268 1442 3336 inno-

368 3440 431 3488 ‘De
448 3435 558 3500 Quintio]
583 3436 679 3498 Nempe
700 3435 730 3484 Τ.
751 3437 854 3493 Quintio
903 3439 1004 3500 ἔνορκον
1023 3436 1053 3495 ἦν
1076 3443 1134 3486 reis
1155 3439 1280 3500 ἀρχαίοις,
1303 3439 1443 3501 Μηδιμὶαῡ

322 3515 452 3563 Flaminio.
903 3513 984 3561 πόλιν
997 3510 1051 3560 τοῖν
1065 3513 1275 3573 Ἀμφικτυονίδων
1286 3513 1441 3564 &meon

367 3590 380 3620 ⁴
404 3589 483 3638 Testis
508 3593 547 3638 est
565 3589 727 3638 AEscmunu
753 3588 797 3636 Ἐν
816 3589 855 3636 oie
903 3587 1029 3648 reticete,
1054 3587 1099 3637 dte.
1139 3589 1210 3637 Orat
1229 3589 1261 3638 de
1280 3590 1344 3639 mle
1368 3591 1441 3642 obit·

324 3836 420 3895 others
434 3851 514 3892 came
529 3851 596 3892 orcr
609 3840 641 3890 to
659 3835 747 3892 them.
786 3836 850 3894 The
864 3838 923 3910 city
941 3837 975 3894 of
989 3837 1039 3894 the
1059 3836 1212 3909 Lingones,
1225 3836 1312 3892 urbiob
1324 3841 1442 3910 escaped

324 3925 366 3980 tlte
379 3923 566 3997 approbended
578 3940 678 3994 raoape
692 3924 722 3977 in
734 3923 774 3977 tbe
788 3942 851 3978 war
865 3925 975 3996 apciust
991 3925 1092 3989 Civilr's,
1106 3941 1165 3978 wat
1178 3925 1294 3979 reduced
1306 3933 1332 3978 to
1347 3925 1441 3981 obmi-

301 4045 302 4049 =
323 4022 391 4076 enee,
402 4011 461 4064 aad
470 4009 593 4081 supplied
605 4018 708 4080 scuonty
723 4005 859 4064 thousand
868 4013 965 4066 armed
977 4028 1056 4071 men,-
1077 4026 1110 4065 ns
1123 4010 1277 4065 Frontinus
1291 4009 1406 4067 relatas.

378 4101 395 4152 3
418 4095 479 4150 The
494 4096 623 4167 opposite
638 4112 722 4151 causo
736 4095 816 4152 lcads
832 4103 862 4151 to
880 4113 918 4150 an
932 4098 1061 4168 opposite
1075 4097 1173 4152 result.
1219 4097 1291 4167 Livy
1304 4097 1382 4168 gives
1396 4115 1440 4156 nn

324 4182 453 4256 example
467 4182 497 4237 in
514 4182 646 4245 Annibal,
662 4181 743 4237 when
763 4182 801 4237 he
819 4183 986 4238 committed
1003 4199 1106 4255 ravage
1125 4184 1156 4238 in
1173 4183 1217 4238 his
1238 4190 1355 4249 retreat,
1377 4187 1440 4242 end

322 4268 466 4325 alienated
480 4268 530 4325 the
544 4269 647 4335 minds,
665 4268 737 4325 both
758 4269 792 4323 ot*
811 4269 894 4325 those
916 4269 979 4325 who
999 4269 1132 4335 suffered,
1148 4270 1205 4325 and
1222 4269 1257 4324 ol
1273 4267 1357 4325 those
1371 4269 1439 4327 who

322 4355 429 4411 ieared
664 4356 666 4360 ⁴

375 4446 393 4494 4
415 4441 443 4494 It
457 4440 481 4495 is
495 4439 554 4495 also
569 4446 645 4496 most
658 4447 732 4505 truc,
750 4457 780 4496 as
797 4457 877 4497 some
895 4440 1072 4514 theologiam
1086 4441 1159 4497 hare
1178 4441 1275 4506 noted,
1292 4438 1357 4496 thet
1371 4442 1395 4498 it
1409 4443 1438 4502 is

322 4526 373 4583 the
387 4525 459 4600 duty
470 4526 504 4581 oi
514 4525 605 4582 rulers
620 4527 675 4581 ond
687 4526 807 4592 leaders,
817 4527 880 4583 who
892 4528 960 4583 wish
975 4536 1005 4584 to
1020 4529 1057 4584 bo
1072 4528 1213 4584 rcekoncd
1227 4528 1383 4585 Christiana
1394 4528 1438 4604 by

323 4613 389 4670 God
402 4613 459 4668 and
473 4613 512 4686 by
526 4629 601 4678 men,
615 4619 646 4669 to
661 4613 771 4668 abstain
789 4615 865 4669 from
885 4617 1023 4687 storming
1041 4616 1075 4671 oi
1095 4615 1183 4679 citios,
1204 4614 1261 4669 und
1276 4612 1359 4669 other
1373 4616 1437 4676 like

321 4701 428 4757 molent
442 4700 642 4774 proceedings3
658 4700 749 4755 which
765 4708 870 4758 cannot
885 4703 951 4758 take
966 4703 1055 4775 ploce,
1069 4701 1190 4756 without
1203 4706 1284 4772 great
1299 4701 1437 4777 calamity

321 4792 353 4843 to
368 4805 455 4861 many
466 4789 599 4844 innocent
609 4803 735 4860 persons,
753 4789 810 4844 and
822 4789 903 4846 often
920 4789 958 4844 do
973 4789 1047 4846 tittle
1061 4796 1093 4846 to
1107 4794 1239 4862 promoto
1252 4787 1303 4845 the
1317 4789 1389 4846 ends
1403 4791 1442 4847 ol
