3192 5334
195 470 268 528 (iar.
281 467 332 539 V.]
374 471 430 527 DE
451 471 580 529 uuam
602 469 824 528 vasranuls
845 470 1163 540 nmrmulseuu
1251 461 1311 538 101

197 637 343 704 Deorum
360 635 492 704 donaria
512 632 602 727 bcapi
625 659 644 703 a
667 635 836 704 victoribus
858 638 960 707 solere
980 639 1102 707 notarit
1120 637 1312 708 Pausanias:
1326 651 1451 694 Μ*

195 748 231 806 et
249 738 361 806 Cicero
377 737 452 804 belii
468 737 571 829 legem
588 737 622 805 id
638 747 739 815 uocat,
757 737 798 805 de
817 738 854 806 P.
873 737 1008 807 Seruilio
1030 742 1179 828 loquens:
1205 743 1311 828 signu,
1322 752 1444 839 {prm

194 839 364 927 inquitet
389 852 580 906 ornamenta
608 863 648 906 ee
676 840 758 906 urdo
783 840 927 907 hostium
951 845 987 909 ei
1010 855 1041 910 et
1064 843 1187 909 virtute
1209 855 1313 930 coptu
1346 825 1354 840 ’

196 942 277 1008 belli
297 941 364 1026 Iope
388 953 490 1028 atque
509 943 724 1027 imperatorio
740 941 820 1025 jure
839 945 983 1008 sustulit·
1033 941 1085 1008 Sic
1107 939 1214 1007 Livius
1233 952 1312 1008 tem·
1324 945 1471 989 Μ’*

194 1041 322 1130 plorum
346 1050 532 1107 ornamenta
548 1062 620 1128 quse
644 1039 810 1128 Syracusis
832 1041 1002 1110 Marcellus
1023 1043 1156 1109 Romam
1181 1040 1313 1109 adserit

189 1155 303 1230 purte
317 1141 364 1209 sit
379 1142 456 1209 belli
472 1142 560 1228 jure
605 1142 641 1209 C.
659 1140 831 1208 Flaminius
847 1164 905 1229 pro
921 1143 967 1211 li.
985 1143 1116 1211 Fuluio:
1139 1143 1237 1230 siyrsu
1253 1144 1310 1210 ab
1323 1145 1467 1234 ππ

195 1245 274 1310 iota
294 1255 326 1310 et
350 1256 458 1311 cetera
475 1245 574 1328 sucta
596 1264 668 1328 qooe
689 1246 799 1330 captia
821 1244 958 1312 urbibus
980 1247 1114 1314 soleant.
1165 1235 1353 1311 ¹Fulsius‘²

194 1364 323 1431 quoquo
347 1343 381 1410 in
396 1341 539 1409 oratione
564 1342 637 1410 belli
657 1342 711 1431 jus
733 1344 793 1410 hoc
809 1341 911 1432 ipsum
935 1345 1083 1433 appellat
1134 1344 1180 1413 Et
1202 1343 1311 1412 Caesar
1322 1356 1476 1399 mutu

193 1444 232 1510 in
256 1443 400 1512 oratione
419 1443 506 1532 apud
529 1442 710 1510 Sallustium
735 1443 878 1511 referens
900 1466 973 1532 qun
997 1445 1087 1514 victis
1108 1444 1211 1513 solent
1232 1444 1311 1514 acci·
1321 1457 1445 1547 ἔξω

194 1545 285 1623 dere,
302 1544 392 1634 ponit
407 1553 442 1612 ot
456 1537 553 1612 *tans
568 1542 705 1634 spoliari

274 1647 297 1712 4
331 1645 416 1713 Illud
433 1655 540 1713 umen
556 1667 667 1712 verum
684 1653 742 1723 est,
767 1641 875 1733 siquo
891 1642 925 1712 in
941 1643 1105 1713 simulacro
1122 1667 1239 1714 numen
1254 1645 1313 1715 ali-

194 1746 283 1834 quod
297 1746 399 1814 inesse
419 1746 577 1828 credatur,
599 1746 633 1814 id
651 1744 760 1813 uiolari
779 1756 836 1812 aut
857 1746 1015 1836 eorrumpi
1034 1746 1122 1813 nolas
1138 1745 1180 1814 ab
1204 1744 1243 1814 iis
1257 1745 1313 1836 qui

193 1846 230 1914 in
246 1868 287 1914 ea
301 1846 504 1936 persuasione
519 1845 726 1914 conueniunt:
747 1856 781 1915 et
796 1845 856 1913 hoc
870 1869 963 1914 sensu
979 1845 1156 1935 impietatis,
1173 1855 1230 1915 aut
1244 1846 1312 1915 lasi

195 1946 293 2015 etiam
319 1945 461 2038 gendum
478 1945 561 2035 juris
586 1957 773 2014 accusantur
794 1945 952 2014 interdum
976 1946 1030 2035 qui
1053 1946 1129 2015 talia
1151 1947 1312 2017 commise-

194 2057 284 2127 runt,
304 2047 452 2115 nimirm
468 2069 509 2114 ex
527 2047 599 2115 talis
615 2047 768 2137 opinionis
783 2046 946 2136 positione.
985 2047 1081 2115 Aliud
1097 2057 1148 2116 est
1163 2047 1190 2115 si
1204 2048 1312 2116 hostes

194 2171 262 2216 non
277 2149 361 2216 idem
378 2148 534 2216 sentiant:
559 2148 640 2216 siout
659 2145 782 2216 ludaeis
804 2169 866 2214 nou
888 2147 1073 2237 permissum
1094 2157 1229 2228 tantum,
1253 2147 1312 2216 sed
1342 2166 1348 2183 ⁴

195 2260 231 2317 et
247 2257 440 2339 praceptum
462 2258 512 2316 cst
532 2249 674 2339 gentium
698 2247 865 2315 simulacra
880 2247 1027 2315 abolere:
1048 2269 1122 2314 nam
1144 2246 1455 2339 queuntium

194 2351 339 2439 accipere
360 2359 518 2426 vetantur,
540 2350 574 2416 id
598 2371 669 2416 eam
692 2370 818 2416 eausam
838 2349 944 2426 habet,
967 2368 1030 2437 quo
1054 2348 1156 2440 magia
1180 2348 1312 2418 Hebrtei

194 2450 433 2541 superstitiones
447 2449 589 2542 gentium
603 2449 848 2528 detestarentur,
868 2447 1057 2538 impuritatis
1075 2448 1227 2517 admoniti
1242 2449 1311 2540 ipso

193 2625 729 2678 m111.eesumAEutuoseesoxs1.ad
778 2630 875 2686 spectat
893 2626 1003 2688 siquod
1021 2627 1095 2674 modo
1109 2641 1141 2675 ex
1158 2626 1311 2677 Tertulliano

194 2707 307 2768 eclogam
322 2718 381 2753 reso
400 2704 542 2766 septimanus
562 2703 627 2750 donn
645 2702 729 2751 obluta
776 2702 912 2759 attulimus,
927 2709 953 2749 et
969 2703 1078 2764 ejusdem
1093 2703 1140 2750 boe
1153 2703 1185 2752 ad
1199 2703 1311 2752 udones

187 2782 330 2830 nuisibss
344 2781 437 2830 ωιόἰιι
451 2794 524 2828 suem
543 2785 606 2836 sant,
625 2784 648 2827 et
663 2779 745 2826 dosa·
777 2789 808 2824 ιι.
829 2778 874 2826 Tot
888 2777 1312 2840 deindedeDiisqsotdspentibas

188 2865 294 2922 possunt
306 2860 364 2917 diei,
378 2857 492 2919 madia
505 2856 656 2917 ansflerint
665 2869 728 2916 pro·
776 2853 908 2913 triumphis
922 2855 1187 2902 ssunentetsissuiuern
1196 2854 1310 2917 emim,-

184 2937 292 2998 snssuten
321 2931 509 2996 (Adrambl.)
776 2931 1223 2992 animumanimumum.
1235 2931 1310 2994 (cap.

240 3011 253 3047 δ
270 3009 500 3074 Cupinmmoribas
508 3005 593 3069 solere]
609 3005 727 3068 Virgilius
775 3005 825 3065 17.)

191 3087 314 3138 AEneidos
322 3101 348 3136 ι.
359 3088 435 3148 (sess.
444 3085 518 3143 ³60)=
821 3079 828 3116 ¹
848 3078 958 3144 Fulvius]
975 3081 1039 3132 Vide
1050 3081 1179 3145 Polybium
1194 3086 1310 3146 nampio

216 3163 311 3214 neptuni
321 3173 380 3204 saeuo
391 3161 470 3203 nands
479 3159 505 3201 de
517 3161 575 3210 poste
584 3159 678 3200 relisum.
774 3155 925 3219 legationum
935 3159 974 3207 28.

190 3237 340 3286 Plutarchus
349 3235 426 3284 Fabio
438 3238 530 3292 narrat,
544 3233 640 3294 signum
651 3233 683 3278 ab
696 3244 726 3278 so
821 3229 922 3278 trano
939 3230 1054 3293 spoliari]
1080 3231 1144 3281 vioe
1164 3232 1310 3282 Crumerum

191 3313 308 3363 Herculis
328 3311 431 3360 Tarenti
449 3315 557 3371 captum,
578 3308 725 3368 missumque
774 3306 837 3353 libro
848 3319 916 3354 xvn.
932 3308 1065 3368 (pugilli)
1084 3309 1115 3356 de
1132 3309 1205 3357 rebus
1219 3309 1311 3359 Antio·

190 3383 727 3449 inCapitoliumsreliqnosDeos'l'srentinis
773 3382 869 3429 ebsnsls
879 3383 994 3430 Ecclesia
1008 3384 1112 3445 captiua
1122 3384 1241 3445 (11111οό,
1253 3385 1311 3434 slsis
1373 3419 1377 3427 .

189 3464 303 3523 relictos¹
313 3467 344 3511 ut
355 3463 440 3510 irston
469 3461 541 3523 (Pag.
551 3461 595 3507 187
606 3460 640 3517 u.)
671 3457 726 3505 Huc
775 3457 922 3518 Procopium
932 3458 1088 3507 Persicorum
1098 3461 1247 3522 rr.(eap.9.)

191 3714 340 3772 Servilius.
365 3713 405 3769 So
416 3713 496 3785 Livy,
510 3713 647 3786 speaking
661 3713 695 3769 oi
706 3712 756 3769 tho
768 3718 933 3770 ornaments
944 3712 977 3768 oi
990 3711 1040 3768 the
1053 3711 1174 3785 templus
1184 3712 1311 3787 brought

189 3801 234 3874 by
255 3800 408 3856 Marcellus
428 3799 504 3854 irom
531 3801 670 3874 Syracuse
693 3807 724 3856 to
747 3801 848 3856 Rome.
895 3801 935 3855 So
953 3800 985 3856 0.
1001 3799 1158 3856 flaminius
1179 3799 1211 3856 in
1227 3800 1311 3874 Livy.

190 3889 252 3945 aad
265 3887 382 3942 Fulvius
394 3887 424 3941 in
438 3886 584 3958 Polybius,
598 3887 655 3942 and
667 3888 762 3944 Caesar
779 3888 810 3940 in
825 3886 940 3942 Sallust.

241 3981 265 4030 -4
288 3973 318 4030 11
337 3974 363 4029 is
388 3973 520 4030 however
537 3981 610 4039 truc,
633 3974 697 4029 that
718 3973 744 4028 if
764 3971 846 4028 there
866 3971 904 4027 be
925 3990 983 4045 any
1005 3973 1098 4046 image
1120 3973 1151 4028 in
1175 3971 1310 4032 nhieha
1422 4034 1425 4039 ,

191 4062 289 4119 divine
303 4062 396 4117 virtue
407 4061 432 4115 is
445 4059 587 4132 supposed
602 4067 633 4115 to
648 4060 729 4125 erist,
748 4060 771 4113 it
791 4060 816 4114 ia
830 4058 937 4115 wicked
952 4060 1016 4116 that
1032 4062 1056 4115 it
1071 4060 1175 4117 should
1196 4061 1234 4117 bo
1248 4061 1309 4118 rio·
1412 4066 1416 4097 ⁵

189 4149 272 4206 lsted
285 4165 320 4205 or
330 4147 482 4220 destroyed
494 4146 533 4219 by
548 4144 630 4201 those
642 4145 706 4201 nho
725 4162 811 4216 nmen
834 4146 864 4200 in
885 4146 949 4203 that
967 4148 1141 4218 persuasion.
1187 4144 1254 4202 And
1277 4146 1309 4202 in

189 4235 250 4294 this
263 4253 346 4293 sense
359 4235 430 4308 they
442 4233 506 4289 nbo
520 4233 637 4288 commit
651 4230 720 4287 such
735 4238 795 4287 acts
810 4248 860 4287 are
873 4233 994 4288 accused
1008 4233 1042 4288 of
1050 4233 1178 4306 impiety‚
1191 4241 1309 4289 orosam
1397 4240 1403 4287 3

189 4325 227 4381 oi
237 4323 376 4394 breaking
389 4323 441 4378 the
454 4322 535 4377 Laws
551 4319 584 4375 of
600 4320 629 4374 N
631 4321 738 4384 ations3
760 4318 825 4375 that
839 4320 873 4383 is,
886 4336 924 4374 on
936 4319 986 4374 the
999 4319 1175 4391 assumption
1189 4319 1224 4375 oi
1237 4318 1309 4376 such
1387 4332 1394 4380 f

190 4427 231 4467 an
249 4411 376 4483 opinion.
415 4409 444 4464 It
464 4409 488 4462 is
510 4405 633 4462 another
654 4413 760 4461 matter
780 4406 807 4460 if
825 4405 876 4461 tha
899 4405 1024 4462 onomius
1044 4404 1082 4460 do
1095 4411 1148 4461 not
1161 4421 1194 4462 so
1211 4404 1306 4464 think.

190 4495 272 4554 Thus
285 4495 337 4552 the
356 4495 433 4551 Jews
444 4510 518 4550 wera
532 4499 585 4549 not
598 4493 667 4566 only
686 4493 851 4565 permitted,
866 4492 920 4549 but
933 4490 1121 4548 commanded
1140 4499 1173 4549 to
1192 4491 1309 4567 destroy
1368 4514 1370 4519 ¹

189 4582 243 4641 the
261 4582 334 4639 idola
356 4581 391 4638 oi
410 4580 461 4637 the
482 4581 620 4637 Gentiles.
666 4581 725 4635 For
744 4580 821 4637 their
841 4580 928 4652 being
943 4578 1097 4635 forbidden
1116 4586 1147 4636 to
1166 4579 1235 4636 take
1249 4579 1309 4638 and

177 4671 266 4744 :keep
278 4669 360 4727 them
381 4685 437 4726 uas
455 4668 502 4725 for
523 4667 580 4725 this
599 4684 717 4735 reason;
734 4667 797 4725 that
816 4666 867 4725 tho
888 4667 1025 4724 Hebrows
1045 4665 1138 4740 might
1157 4665 1208 4725 the
1226 4683 1326 4754 more·
